3459 5217
1447 445 1798 499 ...45-

485 631 808 699 tantopere
853 639 992 679 cum
1035 620 1331 696 particula
1371 620 1473 678 illa
1519 619 1736 695 eapitis
1781 619 1879 676 De
1923 618 2171 675 nomine
2216 615 2473 691 (Charis.
2518 635 2575 691 p.
2631 617 2771 684 156,

481 726 794 791 {zo—157,
841 725 874 779 3
901 746 980 771 =
1007 724 1208 781 Anon.
1241 720 1392 779 Bob.
1439 739 1498 795 p.
1531 722 1670 792 536,
1721 717 1991 793 30—39)
2038 718 2445 789 consentiunt,
2493 725 2560 773 ut
2604 718 2775 773 coni-

481 825 765 881 ciendum
810 824 887 879 sit
935 822 1386 879 diasceuastam
1431 821 1879 897 expositionem
1926 822 2005 876 de
2054 819 2165 877 hac
2210 838 2275 875 re
2322 837 2400 875 ex
2441 820 2540 876 illo
2570 820 2774 894 capite

479 926 735 999 petitam
779 932 844 981 et
884 925 1127 999 paulum
1181 931 1478 980 mutatam
1522 923 1797 981 iterasse.
1906 921 2059 977 Inde
2120 920 2393 997 efficitur,
2466 928 2533 977 ut
2580 928 2776 977 totum

481 1033 666 1100 caput
704 1026 1043 1084 recensioni
1089 1026 1392 1100 Anonymi
1438 1024 1831 1081 tribuendum
1876 1018 2009 1082 sitl.

677 1126 851 1183 Idem
915 1128 978 1183 in
1047 1133 1231 1202 caput
1278 1124 1423 1181 VIII
1491 1125 1624 1181 libri
1668 1123 1697 1179 Ι
1743 1122 2002 1181 Charisii
2045 1116 2128 1201 (p.
2184 1124 2276 1190 17,
2349 1116 2619 1199 10-16)
2668 1122 2777 1179 De

483 1230 888 1303 generibus
935 1230 1140 1286 ualere
1209 1228 1473 1296 uidetur,
1542 1227 1712 1301 quod
1758 1234 1820 1282 et
1871 1226 2097 1306 ipsum,
2150 1224 2263 1282 etsi
2308 1224 2613 1300 Anonymi
2656 1224 2777 1281 Bo-

481 1332 708 1387 biensis
738 1330 1092 1388 testimonio
1126 1346 1425 1404 caremuS‚
1474 1322 1549 1386 eir
1573 1327 1878 1403 Anonymi
1910 1326 2269 1384 recensione
2301 1336 2605 1401 sumptum
2640 1344 2779 1385 esse

487 1436 673 1491 credo
718 1441 968 1508 propter
1013 1432 1440 1507 cognationem
1507 1448 1668 1505 quae
1710 1430 1867 1487 inter
1911 1428 2029 1485 hoc
2087 1437 2150 1485 et
2214 1429 2357 1486 illud
2396 1429 2491 1485 De
2536 1430 2783 1486 nomine

487 1532 570 1609 (p.
623 1534 764 1598 153,
811 1529 1042 1609 8—20)
1083 1532 1426 1590 intercedit.
1515 1530 1714 1589 Maior
1772 1530 1936 1587 enim
2002 1530 2339 1587 differentia
2403 1530 2559 1588 inter
2629 1530 2784 1586 haec

495 1636 689 1709 capita
735 1635 1111 1712 obseruatur,
1183 1651 1366 1709 quam
1409 1640 1475 1690 ut
1523 1630 1867 1689 Charisium
1910 1650 1988 1687 ex
2034 1648 2158 1688 uno
2204 1632 2553 1707 eodemque
2600 1631 2785 1689 fontis

491 1737 689 1811 capite
732 1744 1053 1810 utrumque
1098 1734 1490 1807 descripsisse
1536 1733 1663 1789 ueri
1711 1717 1908 1790 simile
1953 1732 2060 1801 sit;
2116 1740 2301 1807 atque
2346 1734 2441 1790 alii
2483 1752 2784 1809 gramma·-

490 1838 612 1893 tico
657 1843 932 1892 nostrum
983 1842 1168 1908 caput
1215 1841 1277 1889 et
1313 1834 1486 1890 -illud
1528 1833 1840 1891 uindicare
1886 1850 2188 1890 consensu
2230 1851 2443 1891 eorum
2488 1844 2781 1896 uetamur.

691 1935 973 2025 Denique
1019 1951 1092 1990 ex
1137 1934 1258 1991 hoc
1299 1933 1470 1991 fonte
1516 1934 1797 1991 deriuata
1841 1942 1982 1991 sunt
2030 1933 2285 1991 Charisii
2355 1935 2487 1993 libri
2529 1936 2558 1993 I
2602 1948 2787 2014 caput

493 2036 580 2091 IX
623 2035 758 2092 „De
824 2035 1154 2091 numeris
1219 2032 1320 2110 (cf.
1391 2034 1618 2094 Charis,
1684 2054 1742 2110 p.
1814 2038 1961 2104 153,
2030 2036 2125 2093 26.
2200 2031 2307 2112 27)
2372 2045 2434 2094 et
2498 2037 2618 2095 VII
2681 2039 2787 2096 De

497 2136 811 2194 casibuS.
1992 2166 1997 2175 ·

692 2237 796 2294 Eis
841 2238 986 2312 ipsis
1033 2255 1191 2313 quae
1237 2247 1549 2313 postremo
1599 2238 1736 2296 loco
1784 2238 2177 2296 disseruimus
2214 2240 2549 2315 disputatio
2593 2242 2673 2297 ad
2705 2257 2783 2296 ea

499 2338 702 2414 capita
748 2339 1027 2396 traducta
1071 2346 1166 2395 est
1217 2356 1394 2413 quae,
1433 2341 1706 2413 quamuis
1753 2342 1923 2415 apud
1968 2358 2151 2397 unum
2196 2348 2431 2398 tantum
2476 2360 2550 2397 ex
2597 2341 2789 2398 tribus

499 2439 612 2496 illis
683 2440 1087 2513 grammaticis
1153 2448 1405 2509 exstent,
1476 2448 1683 2498 tamen
1742 2441 1883 2497 huic
1941 2439 2282 2498 recensioni
2336 2442 2641 2518 Anonymi
2688 2443 2789 2499 tri-

501 2542 747 2599 buenda
791 2549 948 2598 sunt.

694 2642 841 2700 Eius
886 2645 1055 2701 modi
1100 2652 1196 2701 est
1241 2651 1536 2701 tractatus
1569 2644 1877 2700 secundus
1923 2662 2103 2719 quem
2136 2643 2443 2702 Charisius
2488 2645 2550 2702 in
2581 2644 2789 2720 capite

498 2744 600 2799 De
647 2744 986 2801 ablatiuo
1033 2762 1178 2802 casu
1222 2740 1506 2801 exhibet2
1575 2743 1723 2819 (libri
1767 2744 1795 2800 I
1843 2752 2025 2819 caput
2066 2744 2269 2802 XVIII
2332 2766 2389 2821 p.
2440 2748 2579 2824 148,
2630 2749 2791 2805 14—-

505 2832 648 2918 150.
687 2838 811 2921 20).
900 2844 1058 2902 Nam
1103 2846 1446 2903 disserendi
1493 2845 1725 2903 ratione
1771 2846 1992 2903 eadem
2034 2846 2235 2915 utitur,
2283 2865 2406 2923 qua
2449 2847 2793 2904 Diomedes

499 2940 580 3019 (p.
613 2947 753 3017 303,
786 2947 854 3005 31
893 2946 1008 3021 sq.)
1059 2954 1123 3003 et
1166 2945 1447 3003 Donatus
1493 2942 1577 3021 (p.
1625 2948 1765 3017 378,
1816 2948 2085 3015 3-379,
2134 2943 2213 3025 9),
2260 2957 2449 3024 atque
2492 2950 2554 3006 in
2594 2948 2795 3005 uerbis

499 3048 822 3105 maximam
864 3056 1100 3121 partem
1146 3065 1286 3104 cum
1331 3046 1634 3103 Diomede
1681 3048 1977 3121 cong-ruit.
2067 3047 2373 3105 Donatus
2401 3048 2562 3105 enim
2609 3048 2795 3106 fontis

499 3147 690 3205 uerba
735 3155 799 3203 et
845 3148 1142 3205 contraxit
1188 3156 1253 3204 et
1283 3164 1472 3222 saepe
1501 3147 1764 3204 mutauit
1780 3142 1822 3208 3.
1912 3147 2253 3205 Particulae
2294 3148 2447 3205 illius
2496 3150 2575 3206 de
2604 3166 2794 3223 gene-

701 3384 722 3423 1
760 3389 931 3439 Christ
967 3389 1164 3439 Philol.
1205 3390 1404 3439 XVIII
1450 3406 1506 3455 p.
1549 3389 1647 3441 138
1688 3406 1766 3455 sq.
1819 3391 2061 3441 similiter
2098 3397 2370 3456 utramque
2415 3392 2797 3459 expositionem

501 3478 568 3527 de
612 3478 1065 3543 conparationibus
1106 3466 1277 3527 eidem
1315 3478 1511 3527 auctori
1561 3478 1763 3544 tribuit,
1812 3495 1969 3544 quem
2006 3478 2372 3529 Cominianum
2420 3496 2537 3529 esse
2576 3482 2796 3545 putauit.

498 3568 811 3617 Kummrow
848 3567 882 3618 1.
921 3566 960 3615 1.
1017 3583 1068 3632 p.
1113 3566 1178 3616 10
1215 3582 1265 3616 n.
1309 3566 1374 3617 18
1412 3566 1645 3631 scripsit:
1705 3562 1717 3580 ‘
1743 3583 1877 3616 unus
1916 3568 2140 3633 quisque
2177 3568 2266 3632 qui
2301 3568 2401 3617 hos
2448 3568 2600 3617 locos
2654 3584 2799 3619 accu-

507 3656 664 3703 ratius
703 3654 980 3703 contulerit
1017 3654 1305 3702 doctrinam
1361 3653 1570 3703 alterius
1609 3655 1675 3704 ab
1731 3656 1947 3705 alterius
2006 3655 2223 3705 differre
2270 3656 2423 3705 facile
2469 3657 2746 3720 intelleget
2765 3657 2797 3709 ².

499 3744 763 3808 Equidem
802 3758 906 3791 non
941 3741 1126 3792 inueni
1163 3742 1358 3808 quibus
1387 3750 1668 3809 utrumque
1687 3744 1755 3792 ab
1787 3744 1976 3793 eodem
2008 3750 2215 3794 auctore
2243 3745 2404 3794 scribi
2432 3761 2539 3795 non
2564 3746 2801 3810 potuisse

501 3832 900 3881 demonstretur.

713 3916 738 3953 2
773 3919 945 3969 Christ
979 3920 1016 3971 1.
1038 3920 1075 3971 l.
1113 3937 1164 3986 p.
1193 3920 1289 3972 127
1328 3922 1523 3971 Scauro
1550 3922 1788 3971 uindicat
1812 3922 1952 3971 hunc
1978 3928 2271 3981 tractatum,
2314 3937 2428 3971 cum
2468 3922 2579 3971 eius
2608 3938 2800 3973 nomen

501 4010 556 4058 in
595 4008 831 4073 exemplo
869 4008 1100 4073 positum
1141 4010 1206 4057 sit
1257 4007 1476 4073 (ChariS.
1515 4026 1566 4074 p.
1609 4009 1728 4073 149,
1766 4009 1834 4060 28
1874 4008 1995 4078 sq.).
2068 4010 2224 4074 Quod
2273 4018 2634 4072 argumentum
2686 4028 2802 4060 cum

503 4113 596 4162 per
633 4112 689 4145 se
733 4095 1139 4145 infirmissimum
1181 4104 1277 4156 est,
1335 4104 1442 4147 turn
1481 4105 1760 4162 propterea
1798 4104 1935 4147 stare
1974 4114 2083 4147 non
2113 4104 2307 4163 potest,
2345 4099 2469 4163 quia
2506 4099 2689 4148 Scauri
2728 4114 2802 4146 ar-

503 4194 606 4235 tem
645 4202 674 4235 a
711 4184 950 4234 Charisio
989 4184 1300 4249 exscriptam
1337 4201 1452 4234 esse
1487 4201 1554 4234 ne
1594 4202 1752 4234 unum
1793 4187 2003 4251 quidem
2038 4194 2233 4236 certum
2270 4193 2346 4235 est
2379 4186 2647 4237 indicium.

700 4270 723 4306 3
757 4273 926 4323 Plane
964 4273 1230 4322 diuersum
1278 4272 1334 4322 in
1371 4274 1585 4323 modum
1625 4275 1692 4323 de
1752 4274 1855 4324 hoc
1912 4275 2079 4340 capite
2116 4276 2432 4323 Kummrow
2467 4274 2574 4339 1.v1.
2619 4290 2671 4339 p.
2720 4273 2799 4324 14.

512 4362 572 4411 15
611 4362 881 4428 iudicauit,
938 4361 1028 4427 qui
1067 4376 1130 4409 ex
1171 4361 1332 4410 altero
1373 4362 1522 4412 fonte
1557 4378 1689 4427 quae
1727 4379 1844 4411 cum
1884 4365 2097 4413 Donato
2137 4363 2491 4427 consentiunt,
2530 4378 2594 4411 ex
2633 4362 2801 4411 altero

503 4466 636 4515 quae
673 4466 786 4500 cum
824 4449 1081 4509 Charisi0,
1136 4449 1450 4499 Diomedem
1486 4450 1726 4501 hausisse
1764 4458 1929 4517 putat.
2003 4449 2159 4517 (Cum
2194 4452 2267 4501 eis
2307 4451 2485 4502 uerbis
2523 4450 2803 4501 Diomedis
