3459 5217
1451 493 1801 547 ..47-

1063 560 1100 599 Ο

674 675 728 733 Ε
773 673 1072 751 capitibus
1119 690 1280 749 quae
1311 671 1644 730 Dositheus
1677 672 1842 728 solus
1874 668 2145 728 seruauit
2186 668 2332 726 illud
2362 666 2470 725 De
2512 684 2772 725 accen-

481 780 683 835 tibus
727 773 813 853 (p.
863 777 1004 846 377,
1053 776 1320 843 6-380,
1395 768 1460 850 5)
1513 779 1765 848 propter
1828 770 2344 828 accuratissimum
2409 786 2773 827 consensum

483 897 622 936 cum
666 878 974 935 Diomede
1017 882 1083 933 et
1117 875 1369 932 Donato
1416 872 1741 947 Anonymo
1788 872 2223 929 uindicandum
2267 878 2391 930 est:

479 1079 625 1145 quod
663 1079 907 1127 Donatus
946 1078 1230 1128 dictionem
1291 1084 1342 1127 et
1403 1077 1527 1127 artis
1573 1075 1837 1125 uocabula
1882 1089 2017 1140 quae
2066 1075 2122 1125 in
2172 1076 2313 1124 fonte
2363 1075 2475 1125 eius
2530 1083 2776 1143 usurpata

481 1175 626 1217 erant
662 1167 882 1215 mutauit
920 1172 974 1215 et
1011 1167 1077 1216 ad
1117 1172 1280 1215 certas
1336 1166 1586 1231 quasdam
1635 1179 1764 1230 quas
1814 1164 1927 1229 ipse
1972 1163 2300 1213 adamauerat
2335 1164 2588 1213 formulas
2626 1180 2776 1214 reuo-

481 1256 633 1307 cauit.
689 1258 808 1304 Hoc
846 1262 986 1304 recte
1027 1270 1108 1304 me
1145 1254 1386 1303 statuisse
1423 1254 1675 1319 probatur
1700 1252 1926 1301 conlatis
1964 1252 2041 1301 eis
2068 1268 2202 1317 quae
2230 1252 2517 1302 Diomedes
2556 1254 2625 1319 (p.
2654 1255 2776 1320 347,

483 1342 684 1410 3—36)
723 1350 775 1391 et
811 1343 1054 1391 Donatus
1093 1339 1166 1407 (p.
1196 1341 1318 1401 382,
1361 1341 1587 1409 10—34)
1629 1342 1696 1390 de
1731 1342 2016 1390 uerborum
2051 1340 2513 1403 coniugationibus
2552 1342 2777 1395 tradunt.

482 1433 722 1480 Donatus
775 1446 976 1495 semper
1033 1431 1134 1479 hac
1183 1430 1407 1479 formula
1453 1430 1641 1480 utitur:
1692 1423 1708 1443 ‘
1736 1429 1900 1495 prima
1957 1435 2037 1479 est
2092 1444 2227 1494 quae
2283 1429 2572 1479 indicatiuo
2619 1432 2776 1481 modo

483 1528 720 1585 tempore
745 1520 1010 1584 praesenti
1045 1556 1058 1568 .
1084 1557 1096 1570 .
1127 1556 1140 1568 .
1178 1519 1345 1569 uerbo
1384 1520 1557 1568 actiuo
1600 1524 1652 1567 et
1679 1518 1899 1567 neutrali
1938 1535 1967 1567 a
2004 1519 2385 1583 productam
2422 1519 2622 1569 habet
2661 1526 2778 1570 ante

484 1607 814 1656 nouissimam
854 1607 1111 1672 syllabam
1175 1642 1188 1656 .
1227 1646 1239 1658 .
1281 1645 1292 1659 .
1340 1607 1564 1657 futurum
1601 1612 1809 1672 tempus
1846 1608 1908 1656 in
1952 1607 2032 1656 bo
2074 1613 2132 1656 et
2170 1607 2292 1655 bor
2336 1607 2595 1673 syllabam
2633 1608 2778 1659 mit-

484 1696 567 1745 tit
605 1734 617 1746 .
656 1733 670 1747 .
709 1688 734 1748 .'
811 1696 900 1746 Sic
951 1697 1168 1745 uerbum
1204 1688 1420 1745 ‘habet'
1469 1696 1751 1761 quinquies
1790 1694 2014 1745 occurrit
2052 1692 2211 1762 (Don.
2237 1711 2286 1760 p.
2316 1696 2439 1761 382,
2485 1697 2672 1749 1217.
2695 1697 2778 1750 22.

487 1782 572 1832 24.
610 1781 722 1849 33),
776 1784 997 1833 uerbum
1054 1782 1262 1833 ‘mittit‘
1310 1789 1491 1849 quater
1543 1788 1619 1849 (p.
1659 1782 1781 1849 382,
1824 1784 1905 1835 15.
1948 1781 2031 1834 19.
2068 1782 2154 1835 26.
2199 1782 2307 1849 29);
2373 1784 2537 1833 semel
2581 1790 2778 1835 tantum

485 1866 496 1882 ‘
520 1868 674 1919 exire’
715 1877 988 1936 usurpatur
1025 1870 1098 1935 (p.
1143 1870 1264 1931 382,
1303 1870 1406 1937 31).
1482 1870 1771 1919 Diomedes
1832 1875 2013 1920 contra
2060 1876 2138 1920 ter
2179 1872 2340 1920 utitur
2386 1873 2549 1922 uerbo
2584 1872 2779 1923 ‘termi-

488 1958 672 2008 nandi'
710 1957 781 2025 (p.
822 1959 943 2020 347,
981 1960 1032 2011 4.
1073 1958 1127 2010 9.
1171 1958 1280 2027 17),
1318 1965 1499 2024 quater
1535 1957 1815 2008 ‘habendi‘
1854 1958 1928 2025 (p.
1958 1958 2082 2025 347,
2120 1960 2167 2011 6.
2215 1960 2295 2011 14.
2324 1961 2409 2012 27.
2448 1961 2557 2028 30),
2598 1969 2782 2027 quater

486 2042 758 2097 ‘finiendi'
806 2046 886 2114 (p.
911 2048 1032 2111 347,
1077 2048 1157 2099 12.
1201 2048 1281 2101 16.
1319 2045 1404 2099 25.
1444 2046 1566 2113 32);
1606 2063 1933 2111 nunquam
1970 2043 2275 2100 ‘mittendi'.
2337 2049 2472 2098 Inde
2526 2050 2782 2115 probatur

488 2138 705 2187 uerbum
748 2132 1036 2187 ‘mittendi'
1081 2138 1304 2186 fortasse
1352 2137 1507 2187 semel
1553 2137 1637 2186 uel
1690 2137 1774 2186 bis
1821 2138 1876 2186 in
1930 2137 2074 2187 fonte
2117 2138 2315 2187 Donati
2353 2139 2634 2199 exstitisse,
2686 2140 2781 2189 sed

488 2226 688 2290 ubique
758 2226 928 2292 ipsum
998 2227 1054 2274 id
1115 2226 1372 2293 posuisse,
1446 2225 1633 2291 partim
1709 2225 1831 2275 loco
1890 2226 2142 2293 aliorum3
2235 2234 2393 2292 atque
2451 2243 2781 2278 communem

488 2313 764 2362 Diomedis
821 2320 872 2363 et
917 2314 1114 2363 Donati
1169 2314 1367 2362 fontem
1418 2330 1526 2362 non
1579 2313 1984 2362 uniformitatem
2038 2314 2131 2363 sed
2180 2316 2485 2365 uarietatem
2525 2316 2780 2366 dictionis

489 2402 826 2467 adpetiuisse.
891 2429 955 2437 —
1017 2401 1268 2451 Eiusdem
1325 2402 1401 2451 rei
1454 2418 1616 2451 unum
1671 2402 1883 2468 quidem
1926 2401 2244 2452 luculentum
2288 2403 2341 2451 in
2384 2411 2562 2454 nostro
2616 2406 2783 2471 capite

491 2490 787 2555 exemplum
825 2496 1006 2541 exstat.
1083 2490 1232 2554 Quae
1279 2490 1500 2553 singulis
1540 2490 1811 2540 catholicis
1848 2495 2135 2555 repugnant
2170 2491 2373 2556 profert
2406 2494 2647 2542 Donatus
2684 2493 2782 2542 hac

488 2578 719 2628 formula
756 2595 909 2629 usus:
949 2577 1204 2628 ‘contra
1239 2579 1400 2629 hanc
1437 2579 1735 2643 regulam
1774 2573 2118 2628 declinantur'
2161 2579 2247 2629 uel
2298 2576 2657 2640 ‘iuuenimus’,
2724 2598 2777 2647 p.

490 2668 611 2728 378,
649 2668 700 2719 8.
745 2668 810 2720 14
847 2666 936 2736 (=
973 2669 1150 2720 Diom.
1189 2686 1244 2735 p.
1279 2668 1402 2729 305,
1440 2669 1551 2737 24).
1587 2669 1670 2721 33.
1714 2669 2006 2719 Diomedes
2046 2668 2267 2719 eandem
2305 2669 2587 2718 dictionem
2624 2669 2781 2718 etiam

491 2773 542 2821 p.
572 2756 690 2816 306,
733 2756 801 2809 27
841 2756 1075 2806 adhibet.
1138 2758 1241 2807 Sed
1278 2758 1456 2810 Diom.
1496 2773 1547 2823 p.
1585 2757 1708 2825 306,
1746 2758 1817 2808 27
1876 2757 1965 2825 (=
2003 2758 2141 2808 Don.
2180 2773 2231 2822 p.
2271 2756 2393 2824 378,
2430 2755 2519 2824 33)
2556 2758 2781 2820 legimus

491 2840 688 2910 ‘pauca
725 2845 1011 2894 admodum
1059 2861 1272 2895 normae
1317 2862 1438 2895 suae
1493 2844 1846 2905 dissentiunt',
1912 2860 2043 2910 quae
2097 2845 2261 2894 uerba
2298 2845 2615 2895 Diomedem
2654 2846 2785 2895 fonti

491 2933 684 2983 debere
723 2935 1160 2985 demonstratione
1200 2951 1308 2984 non
1345 2940 1475 2998 eget.
1569 2936 1814 2983 Donatus
1854 2935 2060 2983 solitam
2099 2934 2372 2983 formulam
2409 2934 2531 2984 loco
2571 2936 2783 2997 elegan-

490 3022 636 3072 tioris
673 3023 923 3073 dictionis
962 3025 1160 3090 posuit.
1201 3052 1264 3061 —
1305 3024 1516 3073 Deinde
1551 3024 1834 3083 uideamuS,
1887 3024 1978 3089 qui
2018 3023 2087 3072 sit
2122 3022 2378 3089 loquendi
2414 3039 2542 3073 usus
2577 3024 2631 3073 in
2668 3041 2784 3091 par·

489 3113 648 3161 ticula
680 3113 747 3163 de
785 3115 1027 3177 genetiuo
1065 3113 1271 3180 plurali.
1319 3114 1504 3163 Verbo
1541 3107 1899 3163 ‘terminandi’
1939 3113 2100 3163 utitur
2138 3112 2429 3163 Diomedes
2462 3120 2561 3181 ter,
2597 3115 2785 3163 totiens

490 3203 729 3251 Donatus
769 3200 843 3268 (p.
881 3204 1002 3262 306,
1047 3204 1112 3253 10
1140 3222 1211 3249 =
1252 3202 1375 3262 378,
1413 3202 1505 3262 24;
1545 3200 1668 3268 306,
1707 3202 1775 3253 29
1815 3223 1883 3247 =
1921 3202 2043 3261 378,
2083 3201 2181 3260 273
2220 3202 2341 3268 306,
2384 3201 2475 3261 183
2515 3200 2635 3261 378,
2672 3202 2785 3268 22),

492 3290 658 3339 uerbo
693 3286 978 3339 ‘exeundi‘
1016 3290 1308 3339 Diomedes
1349 3289 1643 3356 quinquie8‚
1682 3290 1926 3339 Donatus
1962 3290 2121 3339 semel
2159 3290 2355 3352 (Diom.
2390 3305 2441 3354 p.
2482 3289 2605 3356 306,
2646 3289 2677 3340 5
2716 3309 2783 3333 --
2854 3344 2857 3349 ,

487 3376 630 3429 Don.
665 3394 720 3442 p.
757 3378 878 3445 378,
917 3377 1011 3437 23;
1069 3378 1249 3431 Diom.
1286 3395 1336 3444 p.
1381 3379 1502 3441 306,
1545 3379 1592 3430 7.
1637 3378 1717 3430 14.
1762 3377 1845 3430 17.
1884 3376 1994 3445 20),
2046 3379 2211 3428 uerbo
2246 3374 2257 3392 ‘
2283 3371 2521 3427 finiendi²
2564 3384 2786 3442 uterque

493 3465 658 3514 semel
714 3463 914 3531 (Diom.
951 3484 1002 3532 p.
1041 3466 1161 3528 306,
1208 3468 1272 3519 15
1311 3482 1377 3512 =
1415 3469 1554 3517 Don.
1613 3482 1662 3531 p.
1701 3466 1827 3533 378,
1878 3466 1983 3533 26),
2041 3466 2165 3516 item
2213 3466 2381 3516 uerbo
2435 3464 2788 3531 ‘proferendi'

493 3547 694 3615 (Diom.
732 3570 784 3617 Ρ.
824 3555 945 3614 306,
983 3554 1052 3605 24
1089 3577 1155 3601 =
1193 3557 1330 3606 Don.
1370 3573 1418 3621 p.
1458 3556 1580 3615 378,
1615 3554 1730 3623 29).
1806 3555 1995 3619 Itaque
2032 3554 2117 3603 hic
2166 3569 2381 3619 quoque
2419 3554 2697 3604 Diomedis
2736 3560 2788 3603 et

494 3638 692 3687 Donati
730 3641 928 3692 fontem
967 3659 1293 3694 communem
1332 3660 1658 3711 nequaquam
1700 3644 1836 3693 intra
1872 3660 2037 3709 pauca
2072 3643 2192 3693 artis
2232 3642 2490 3693 uocabula
2531 3660 2588 3693 se
2627 3644 2787 3692 co'nti-

497 3726 678 3775 nuisse
714 3727 903 3780 elucet.
941 3758 1010 3767 —
1050 3732 1108 3781 Si
1144 3733 1297 3797 igitur
1315 3734 1558 3782 Donatus
1599 3748 1808 3798 semper
1837 3731 2059 3781 formula
2092 3727 2541 3799 ‘quaecunque
2579 3733 2789 3782 nomina

495 3813 740 3863 fuerint
776 3819 1131 3869 terminata
1170 3860 1180 3871 .
1223 3857 1235 3870 .
1273 3858 1286 3872 .
1324 3821 1380 3869 in
1420 3858 1432 3871 .
1462 3860 1473 3871 .
1504 3859 1516 3873 .
1556 3820 1807 3886 syllabam
1845 3814 2128 3870 mittunt‘
2176 3820 2355 3887 utitur,
2392 3820 2604 3871 minime
2636 3826 2783 3885 puta-

486 3902 664 3952 ·bimus
701 3902 805 3953 hoc
843 3906 998 3954 etiam
1033 3907 1086 3955 in
1128 3908 1240 3957 eius
1279 3909 1423 3958 fonte
1463 3910 1658 3959 factum
1699 3924 1846 3975 esse;
1909 3914 2065 3974 atque
2114 3924 2177 3959 ex
2229 3908 2570 3959 similitudine
2610 3925 2786 3959 eorum

495 4007 627 4058 quae
665 4008 820 4057 supra
847 3993 910 4041 de
935 3995 1189 4058 particula
1225 3997 1308 4045 De
1336 3997 1800 4060 coniugationibus
1834 3997 2108 4048 statuimus
2137 3997 2455 4048 uocabulum
2490 3992 2781 4047 ‘mittendi'

496 4097 525 4129 a
562 4082 774 4130 Donato
813 4081 932 4147 ipso
971 4082 1192 4132 inlatum
1232 4100 1345 4134 esse
1383 4086 1749 4139 iudicabimus,
1780 4114 1848 4123 --
1872 4087 2002 4136 Cum
2039 4086 2198 4149 igitur
2237 4088 2497 4136 Donatum
2536 4093 2588 4135 et
2625 4086 2788 4135 fontis

492 4169 654 4219 uerba
691 4170 1016 4219 contraxisse
1057 4177 1109 4220 et
1144 4172 1354 4238 propria
1385 4174 1511 4223 artis
1551 4175 1813 4225 uocabula
1838 4181 2065 4225 mutasse
2092 4174 2641 4238 demonstrauerimuS,
2680 4189 2788 4223 non

494 4266 638 4308 tanta
685 4258 974 4310 differentia
1030 4262 1305 4310 statuenda
1366 4268 1444 4311 est
1506 4262 1638 4312 inter
1680 4264 1801 4313 illas
1860 4242 2137 4330 particulas
2175 4263 2443 4312 Diomedis
2494 4279 2626 4327 quae
2666 4279 2782 4312 cum

495 4348 718 4397 Charisii
754 4348 930 4403 uerbis
965 4350 1301 4400 consentiunt
1339 4355 1390 4399 et
1428 4350 1626 4400 fontem
1661 4353 1875 4404 Donati.
1947 4354 2133 4418 Itaque
2176 4350 2334 4400 credo
2372 4350 2691 4400 Diomedem
2732 4357 2785 4400 et

496 4451 558 4484 ea
596 4453 730 4502 quae
770 4452 887 4487 cum
926 4436 1153 4489 Charisii
1191 4439 1359 4505 capite
1417 4439 1484 4488 de
1523 4438 1758 4489 ablatiuo
1809 4446 1861 4489 et
1898 4456 2028 4505 quae
2082 4456 2197 4489 cum
2235 4440 2442 4487 Donato
2495 4439 2792 4488 communia

495 4524 656 4574 habet
707 4542 771 4575 ex
815 4527 1006 4577 eodem
1055 4527 1213 4587 libro,
1271 4544 1301 4578 e
1347 4528 1656 4578 recensione
1692 4530 1979 4594 Anonymi,
2029 4528 2283 4579 hausisse.
2356 4527 2411 4575 A
2453 4527 2788 4590 grammatico
