3459 5217
1631 413 1982 466 ...24-

659 609 819 668 quae
861 591 1243 667 praecedunt
1303 582 1566 666 (Charis.
1610 607 1670 664 p.
1722 589 1861 659 156,
1930 590 2027 646 22.
2073 589 2171 656 23,
2213 586 2414 648 Anon.
2462 588 2614 646 Bob.
2686 604 2741 664 p.
2809 588 2948 656 536,

662 691 786 764 27).
873 689 1118 748 Deinde
1164 690 1450 748 differunt
1514 689 1576 746 in
1643 707 1720 747 ea
1762 688 2057 763 particula
2126 706 2249 765 qua
2292 691 2373 746 de
2420 688 2735 746 defectiuis
2802 706 2949 746 con·

657 791 1072 866 parationibus
1115 791 1328 866 agitur.
1416 789 1757 848 Charisium
1804 784 1888 865 (p.
1925 791 2064 859 156,
2116 785 2389 866 30—34)
2423 788 2707 848 Donatus
2750 797 2953 846 tuetur

659 889 745 967 (p.
789 895 930 962 374,
977 885 1267 971 19-—23).
1354 891 1426 950 In
1465 891 1638 949 fonte
1683 891 1917 949 illorum
1956 891 2381 967 interpositum
2426 899 2521 950 est
2564 891 2945 948 enuntiatum

659 993 739 1050 de
789 993 1174 1070 superlatiuis
1219 1011 1380 1069 quae
1423 993 1776 1051 absolutum
1818 1011 1947 1050 non
1992 991 2223 1051 habent
2268 988 2501 1067 (Anon.
2534 991 2685 1052 Bob.
2729 1010 2785 1067 p.
2814 993 2949 1060 536,

661 1094 928 1163 32—36,
974 1093 1212 1154 Dosith.
1257 1113 1317 1170 p.
1367 1095 1506 1164 399,
1557 1095 1860 1164 12-400,
1906 1089 1989 1168 2).
2091 1092 2421 1151 Praeterea
2482 1093 2667 1151 dictio
2716 1099 2953 1150 mutata

660 1202 773 1254 est.
820 1194 1124 1254 Charisius
1149 1195 1235 1253 sic
1256 1189 1872 1272 scripsit‘aliquando
1895 1193 2174 1271 primus
2198 1201 2271 1251 et
2298 1195 2670 1252 secundus
2706 1238 2719 1252 .
2754 1239 2767 1254 .
2800 1235 2813 1250 .
2848 1193 2953 1251 ali-

661 1297 913 1371 quando
933 1296 1204 1372 primus
1227 1305 1302 1354 et
1324 1295 1601 1354 tertius
1639 1339 1652 1354 .
1687 1281 1747 1365 .’,
1774 1295 2041 1354 similiter
2064 1294 2347 1354 Donatus
2370 1290 2733 1371 ‘aliquando
2758 1312 2847 1370 po
2864 1310 2891 1350 s
2907 1292 2951 1349 i-

660 1395 860 1454 tiuus
892 1404 963 1453 et
994 1395 1529 1472 conparatiuus
1562 1441 1575 1456 .
1608 1441 1642 1474 .‚
1685 1396 2020 1471 aliquando
2054 1397 2429 1472 positiuus
2462 1402 2533 1453 et
2561 1395 2953 1470 superlati-

663 1514 822 1559 uuS.
840 1490 913 1572 .';
933 1506 1147 1556 contra
1169 1498 1526 1574 Anonymus
1553 1497 1871 1555 Bobiensis
1892 1505 1957 1554 et
1975 1496 2309 1555 Dositheus
2335 1497 2421 1555 sic
2441 1490 2781 1572 ‘quaedam
2810 1503 2953 1554 sunt

661 1613 818 1671 quae
844 1616 1055 1657 unum
1082 1607 1367 1659 tantum
1390 1600 1690 1676 recipiunt
1713 1597 2215 1674 conparatiuu
2233 1615 2352 1658 m..
2380 1599 2687 1674 quaedam
2710 1615 2949 1673 super-

662 1698 967 1756 latiuum
993 1695 1370 1758 tantu-m..’.
1417 1699 1575 1759 Nam
1606 1699 1957 1758 testimonio
1990 1699 2223 1758 Donati
2254 1698 2550 1756 euincitur
2584 1698 2672 1756 sic
2701 1697 2951 1773 Anony-

662 1819 826 1858 mum
878 1801 1075 1876 ipsum
1125 1801 1455 1877 scripsisse.
1557 1801 1773 1877 Itaque
1823 1799 2130 1859 Charisius
2180 1818 2306 1858 non
2348 1798 2604 1857 recessit
2654 1798 2730 1855 ab
2777 1799 2953 1856 huius

665 1903 1035 1960 recensionis
1082 1902 1302 1973 uerbiS‚
1350 1904 1464 1962 sed
1495 1902 1798 1978 Anonymi
1830 1901 2150 1960 Bobiensis
2200 1909 2263 1958 et
2294 1900 2575 1958 Dosithei
2622 1900 2949 1976 exemplar.

665 2005 869 2063 Etiam
912 2005 1222 2080 exemplar
1267 2023 1386 2082 quo
1419 2004 1726 2064 Charisius
1759 2006 2042 2062 utebatur
2082 2010 2511 2080 pertractatum
2544 2011 2693 2062 erat.
2753 2002 2951 2060 Huius

662 2105 749 2163 rei
794 2105 968 2163 testis
1015 2107 1168 2163 ordo
1216 2114 1309 2165 est
1338 2107 1440 2182 qui
1487 2107 1548 2163 in
1579 2107 1761 2165 rebus
1792 2105 2130 2164 tractandis
2163 2106 2328 2180 apud
2360 2103 2698 2162 Charisium
2729 2123 2786 2180 p.
2815 2107 2951 2174 156,

667 2209 743 2265 17
753 2207 911 2264 —29
979 2205 1320 2266 adhibetur.
1427 2205 1568 2264 Non
1640 2207 1838 2265 solum
1901 2207 2063 2282 apud
2128 2205 2517 2281 Anonymum
2580 2204 2949 2262 Bobiensem

666 2302 748 2382 (p.
797 2308 938 2381 536,
989 2302 1259 2384 18—29)
1303 2315 1366 2364 et
1409 2306 1779 2365 Dositheum
1830 2304 1913 2383 (p.
1962 2308 2107 2376 398,
2156 2307 2463 2375 11—399,
2514 2302 2573 2382 9)
2620 2306 2953 2381 disputatio

665 2408 876 2466 melius
907 2409 1207 2484 procedit,
1253 2409 1368 2466 sed
1412 2409 1595 2468 etiam
1639 2428 1676 2467 a
1709 2407 1985 2467 Charisio
2017 2427 2075 2484 p.
2111 2409 2249 2478 156,
2299 2408 2543 2467 17—19
2574 2406 2741 2464 idem
2785 2407 2954 2483 quod

663 2527 721 2584 p.
769 2511 907 2579 156,
954 2511 1050 2570 20.
1097 2511 1169 2568 21
1222 2518 1284 2567 et
1326 2529 1385 2586 p.
1438 2511 1573 2580 156,
1611 2511 1857 2568 24—-27
1903 2511 2063 2568 idem
2108 2510 2277 2584 quod
2313 2511 2451 2576 156,
2495 2510 2592 2570 29.
2642 2510 2722 2569 30
2766 2511 2950 2568 doce-

665 2617 778 2670 tur.
865 2609 1016 2668 Hae·
1059 2609 1411 2670 iterationes
1469 2613 1856 2670 redactorem
1914 2611 2174 2686 sapiunt.
2281 2609 2439 2668 Nam
2505 2610 2610 2688 qui
2667 2611 2822 2669 haec
2890 2619 2949 2669 et

667 2710 883 2769 similia
927 2709 1260 2770 Charisium
1305 2713 1501 2788 ipsum
1546 2712 1883 2771 instituisse
1925 2720 2144 2788 putant
2190 2723 2317 2769 non
2364 2720 2527 2771 recte
2585 2713 2665 2769 de
2717 2713 2952 2772 ratione

665 2829 786 2886 qua
813 2811 1094 2870 fontibus
1140 2814 1264 2872 suis
1308 2831 1450 2872 usus
1495 2824 1592 2872 est
1643 2814 1915 2873 iudicare
1959 2813 2102 2872 mihi
2146 2813 2449 2873 uidentur.
2535 2812 2692 2872 Item
2722 2815 2841 2872 iam
2884 2815 2947 2871 in

663 2910 836 2970 fonte
883 2912 1137 2988 Charisii
1182 2913 1447 2974 defuisse
1491 2915 1776 2973 uidentur
1834 2933 1994 2991 quae
2039 2916 2205 2991 apud
2250 2915 2640 2992 Anonymum
2686 2915 2950 2974 Bobien-

663 3031 793 3070 sem
837 3009 923 3088 (p.
949 3015 1092 3082 536,
1140 3014 1412 3091 19—23)
1454 3023 1520 3074 et
1548 3015 1917 3074 Dositheum
1960 3011 2049 3090 (p.
2076 3019 2215 3081 398,
2272 3019 2576 3092 13—399‚
2630 3011 2694 3094 3)
2741 3017 2948 3092 legun-

662 3122 774 3184 tur,
817 3115 1066 3174 nomina
1094 3116 1546 3192 conparationis
1584 3117 1851 3192 inposita
1894 3134 2031 3176 esse
2056 3134 2270 3192 parum
2313 3117 2571 3193 proprie,
2617 3117 2788 3175 cuius
2830 3118 2950 3175 loci
3005 3099 3009 3104 ’

660 3215 893 3274 initium
937 3219 1103 3293 apud
1147 3216 1512 3276 Diomedem
1557 3212 1642 3297 (p.
1669 3219 1810 3289 324,
1834 3219 2143 3286 28-325,
2170 3214 2231 3293 1)
2258 3226 2319 3276 et
2350 3217 2659 3277 Donatum
2704 3214 2786 3294 (p.
2810 3219 2950 3294 374,

567 3325 572 3330 ’
665 3317 938 3392 25--27)
983 3319 1158 3378 redit.
1229 3318 1506 3379 Similiter
1534 3317 1789 3378 Charisii
1834 3320 1970 3379 fons
2004 3320 2304 3378 contraxit
2348 3315 2436 3395 (p.
2467 3320 2603 3398 155,
2650 3316 2756 3396 30)
2789 3338 2949 3397 quae

663 3418 1019 3495 Anonymus
1064 3419 1382 3480 Bobiensis
1427 3441 1488 3498 p.
1515 3422 1651 3491 535,
1699 3423 2008 3493 36—536,
2059 3426 2085 3478 1
2140 3429 2203 3478 et
2232 3421 2565 3479 Dositheus
2599 3422 2737 3493 397,
2789 3423 2948 3481 1-3

665 3519 992 3594 exhibent3
1039 3520 1114 3582 cf.
1147 3520 1534 3580 Palaemonis
1583 3522 1989 3599 fragmentum
2032 3522 2265 3582 Charis,
2311 3542 2367 3599 p.
2396 3525 2494 3592 49,
2544 3517 2635 3582 31.
2705 3523 2953 3580 Deinde

663 3622 724 3677 in
757 3621 1085 3698 archetypo
1117 3622 1292 3682 huius
1324 3623 1697 3684 recensionis
1730 3625 2051 3700 exstitisse,
2083 3625 2146 3683 in
2177 3623 2347 3682 fonte
2372 3623 2626 3682 Charisii
2655 3623 2945 3682 omissum

666 3723 853 3780 fuisse
917 3734 1066 3800 puto
1136 3726 1396 3784 nominis
1469 3726 1903 3802 ueriloquium,
1974 3727 2143 3800 quod
2204 3726 2559 3799 Anonymus
2631 3725 2947 3782 Bobiensis

665 3819 749 3900 (p.
796 3826 936 3894 533,
983 3820 1215 3904 9-11)
1264 3836 1326 3886 et
1370 3827 1700 3886 Dositheus
1742 3822 1828 3904 (p.
1864 3829 2001 3896 390,
2050 3825 2237 3903 1-3)
2279 3827 2545 3900 tradunt,
2590 3824 2755 3882 idem
2786 3825 2949 3882 enim

665 3927 834 4000 apud
877 3927 1245 3985 Diomedem
1287 3923 1368 4003 (p.
1415 3930 1559 3997 320,
1607 3923 1883 4006 25—27)
1929 3935 2142 3986 exstat.
2230 3927 2580 3984 Kummrow
2627 3927 2664 3984 l.
2712 3927 2747 3988 l.
2791 3911 2853 4003 p.
2891 3929 2948 3996 6,

666 4026 808 4100 quia
852 4030 1017 4104 apud
1060 4028 1430 4086 Diomedem
1474 4029 1676 4087 uerbis
1716 4029 1926 4088 Scauri
1970 4029 2351 4088 subiunctum
2392 4036 2502 4098 est,
2546 4029 2706 4086 inter
2742 4028 2952 4087 Scauri

667 4127 1007 4204 fragmenta
1048 4129 1112 4187 id
1156 4130 1411 4206 recepit;
1471 4129 1537 4187 id
1581 4131 1753 4206 quod
1797 4129 2237 4189 sententiarum
2280 4145 2519 4187 conexu
2563 4147 2689 4186 non
2733 4137 2947 4205 postu-

865 4340 886 4378 1
924 4345 1018 4394 ubi
1056 4346 1132 4395 sic
1176 4345 1461 4410 legendum
1501 4321 1604 4399 est:
1641 4343 1831 4415 ‘<sunt
1873 4347 2085 4396 nomina
2121 4361 2254 4411 quae
2294 4363 2324 4396 a
2358 4341 2683 4412 participiis>
2727 4343 2946 4408 figurata

669 4428 1075 4498 appellauerunt'
1118 4440 1213 4485 etc.
