3459 5217
1632 467 1986 522 ...43-

2346 535 2389 575 ο

655 639 1006 709 Dosith.p.37
1010 641 1060 704 7,
1077 641 1338 702 11-378,
1353 641 1710 707 3==Diom.p.
1725 640 1851 708 431,
1870 639 2002 693 10—
2012 640 2080 693 14
2227 663 2289 687 ==
2307 641 2505 706 Don.p.
2522 639 2795 708 371,3—6

876 771 904 800 „
934 731 1057 793 378,
1079 729 1254 783 3-15
1400 751 1467 776 =
1661 769 1688 798 „
1729 727 1852 797 431,
1870 727 2082 782 14-34
2226 750 2292 774 -τ-
2353 769 2379 797 ,,
2459 768 2485 796 ,,
2512 727 2821 793 37l,8-—22

751 861 775 888 „
874 859 900 888 „
933 818 1216 886 379,1—7
1397 840 1466 864 =
1544 859 1568 886 „
1659 858 1687 886 „
1727 817 2043 886 433,4—14
2226 839 2293 864 =
2357 857 2383 885 „
2464 858 2490 886 „
2516 815 2863 884 371,27-30

752 949 778 977 „
877 948 904 976 „
934 907 1243 970 379,8—11
1399 927 1465 952 =
1543 947 1568 975 „
1659 947 1686 976 „
1726 907 2007 975 434,1—5
2224 927 2291 951 =
2351 946 2377 974 „
2458 945 2484 973 „
2510 903 2949 974 371,31-372,1

753 1037 778 1065 „
879 1036 904 1066 „
937 995 1156 1062 379,11.
1188 996 1250 1046 12
1398 1017 1467 1042 =
1545 1037 1570 1064 „
1659 1035 1686 1064 „
1729 995 1898 1062 434,6

873 1125 900 1154 „
931 1083 1156 1152 379,12.
1183 1085 1246 1136 13
1393 1105 1461 1130 =
1539 1125 1563 1153 „
1655 1124 1682 1152 „
1725 1084 1851 1152 435,
1865 1085 1952 1137 20.
1973 1083 2039 1137 21
2228 1107 2289 1131 =
2354 1124 2379 1152 „
2460 1123 2487 1152 „
2510 1083 2634 1151 372,
2652 1081 2733 1135 12.
2758 1081 2827 1135 13

751 1208 779 1235 „
873 1213 900 1242 „
933 1171 1458 1239 379,13—380‚5=
1538 1213 1563 1241 „
1657 1213 1682 1240 „
1726 1173 2291 1241 434,36-435,20=
2358 1213 2383 1240 „
2464 1171 2827 1240 „372‚1-12

861 1265 1041 1339 Quae
1085 1266 1181 1322 de
1244 1283 1437 1323 uoce
1482 1267 1650 1340 apud
1696 1265 2065 1324 Dositheum
2130 1262 2213 1340 (p.
2260 1266 2399 1340 381,
2467 1263 2655 1338 2—4)
2701 1265 2957 1339 legimus

661 1368 746 1424 ita
789 1384 926 1424 cum
971 1365 1223 1424 Donato
1269 1375 1607 1442 congruunt
1649 1361 1729 1442 (p.
1776 1367 1915 1436 367,
1969 1363 2157 1441 5-7)
2204 1363 2595 1441 (Diomedem
2626 1367 2955 1441 genuinam

663 1469 846 1526 fontis
893 1468 1151 1526 formam
1195 1486 1318 1526 non
1363 1486 1646 1526 seruasse
1693 1468 1960 1544 suspicio
2008 1464 2144 1545 est),
2192 1476 2260 1525 ut
2301 1468 2458 1525 haec
2501 1485 2744 1544 quoque
2791 1468 2956 1524 Ano-

639 1587 847 1646 .nymo
895 1588 1032 1628 eum
1083 1569 1314 1627 debere
1360 1577 1593 1626 certum
1638 1569 1731 1627 sit.
2897 1623 2919 1671 ὅ

862 1671 1034 1730 Haec
1079 1679 1223 1728 sunt
1267 1687 1426 1746 quae
1471 1669 1647 1728 certis
1693 1669 1935 1727 indiciis
1976 1670 2155 1726 nixus
2202 1669 2283 1726 ad
2316 1669 2704 1746 Anonymum
2734 1669 2956 1726 referre

669 1776 920 1852 possim.
1010 1775 1080 1832 In
1127 1773 1258 1832 aliis
1301 1771 1601 1847 capitibus
1647 1789 1809 1846 quae
1853 1770 2183 1829 Dositheus
2244 1772 2663 1829 consentiente
2736 1772 2952 1846 partim

665 1877 969 1935 Diomede
1015 1876 1262 1933 exhibet
1317 1875 1477 1932 adeo
1545 1891 1640 1930 res
1686 1863 1913 1930 lubrica
1956 1881 2075 1939 est,
2134 1866 2199 1930 ut'
2242 1891 2490 1930 manum
2534 1865 2603 1930 iis
2652 1873 2946 1930 abstinere

662 1981 882 2038 malim.

864 2079 1080 2137 Restat
1123 2085 1189 2135 ut
1255 2094 1332 2132 ex
1389 2095 1513 2133 una
1555 2084 1728 2152 parte
1776 2076 1944 2150 quod
1988 2075 2377 2150 inquisitione
2418 2083 2631 2135 nostra
2676 2065 2956 2135 effectum
3037 2117 3041 2120 -

667 2189 763 2237 est
812 2179 1256 2238 confirmemus.
1369 2176 1441 2234 In
1507 2177 1621 2234 illis
1686 2177 1985 2252 capitibus
2053 2195 2213 2252 quae
2258 2178 2339 2235 ad
2382 2195 2754 2253 anonymum
2796 2178 2960 2236 hunc

665 2278 901 2340 fontem
950 2278 1152 2338 rettuli
1197 2296 1424 2336 nomen
1471 2277 1732 2336 auctoris
1764 2295 2065 2352 nusquam
2111 2279 2385 2337 occurrit.
2452 2279 2741 2337 Attamen
2774 2297 2959 2354 quae-

666 2383 924 2441 rendum
987 2382 1116 2452 erit,
1161 2398 1308 2438 num
1353 2398 1416 2436 re
1464 2397 1610 2437 uera
1677 2381 1761 2436 ad
1819 2379 2045 2437 nullum
2114 2380 2329 2438 artium
2391 2381 2749 2455 scriptorum
2802 2399 2957 2456 quos

665 2482 1040 2560 grammatici
1085 2482 1338 2540 laudant
1382 2479 1479 2538 hic
1522 2481 1673 2538 liber
1716 2480 1923 2537 referri
1966 2481 2179 2554 possit.
2268 2481 2359 2538 Ex
2405 2482 2641 2540 illorum
2688 2501 2957 2551 numerO,

666 2603 805 2642 cum
835 2584 1162 2641 Palaemon
1207 2591 1269 2639 et
1299 2583 1557 2640 Scaurus
1603 2590 1852 2656 propter
1895 2582 2203 2639 diuersam
2248 2592 2311 2640 et
2359 2576 2692 2642 dictionem
2738 2592 2801 2640 et
2847 2585 2959 2641 do-

668 2686 922 2743 ctrinam
954 2687 1016 2743 in
1045 2685 1474 2761 quaestionem
1505 2701 1630 2740 non
1677 2683 1949 2755 ueniant,
1996 2685 2075 2740 de
2121 2682 2488 2742 Cominiano
2530 2686 2662 2742 solo
2705 2667 2957 2758 cogitari

666 2795 891 2863 potest.
979 2787 1128 2843 Eius
1174 2785 1516 2860 fragmenta
1561 2794 1624 2842 et
1671 2785 1954 2843 doctrina
2014 2793 2076 2842 et
2121 2786 2391 2852 dictione
2458 2805 2591 2844 cum
2652 2785 2959 2862 particulis

667 2906 822 2966 quas
861 2888 1184 2964 Anonymo
1248 2886 1697 2945 uindicauimus
1745 2903 2081 2960 congruere
2126 2888 2337 2961 negari
2381 2888 2618 2963 nequit3
2688 2895 2874 2962 atque
2925 2904 2959 2942 e
3047 2903 3053 2910 ·

667 3007 922 3047 numero
969 2989 1237 3063 capitum
1282 3006 1443 3064 quae
1490 3005 1602 3045 nos
1651 2989 1732 3046 ad
1794 2988 1957 3046 hunc
2000 2987 2234 3045 fontem
2278 2988 2605 3047 referenda
2648 3005 2788 3046 esse
2834 2996 2959 3045 sta-

586 3163 592 3177 ,
667 3092 891 3149 tuimus
934 3108 1064 3148 non
1107 3091 1270 3148 nulla
1315 3091 1392 3148 ab
1439 3089 1569 3146 aliis
1597 3089 1961 3147 Cominiano
2007 3089 2233 3148 tributa
2276 3085 2471 3160 suntl.
2544 3089 2737 3149 Certis
2785 3107 2961 3163 argu-

668 3194 891 3251 mentis
937 3193 1018 3249 illi
1062 3191 1172 3249 uiri
1218 3191 1387 3249 docti
1429 3191 1552 3248 nixi
1597 3209 1723 3248 non
1772 3198 1932 3265 sunt,
1988 3191 2101 3247 sed
2148 3189 2485 3249 Cominiani
2529 3192 2762 3248 nomini
2806 3191 2962 3248 haec

670 3297 875 3370 capita
919 3293 1289 3350 addixerunt
1328 3300 1576 3367 propter
1605 3292 1857 3348 similem
1903 3291 2207 3349 scribendi
2249 3292 2551 3350 rationem
2584 3300 2643 3349 et
2698 3292 2839 3380 quia
2882 3309 2958 3347 ex

670 3427 760 3492 qui
796 3427 932 3474 hanc
970 3425 1324 3475 recensionem
1364 3423 1590 3474 instituit
1625 3425 1787 3473 modo
1811 3425 1941 3474 haec
1962 3425 2128 3475 moda
2160 3424 2247 3474 illa
2286 3424 2409 3474 artis
2446 3424 2703 3474 uocabula
2741 3423 2959 3473 adhibess

669 3516 876 3574 bantur,
919 3514 995 3563 sic
1031 3520 1088 3563 ut
1126 3513 1265 3579 apud
1306 3513 1618 3563 Diomedem
1656 3529 1740 3562 res
1782 3529 1839 3562 se
1875 3513 2048 3565 habet.
2122 3513 2399 3563 Diomedis
2438 3513 2599 3562 uerba
2638 3513 2699 3580 p.'
2730 3511 2850 3572 303,
2892 3512 2959 3563 36

669 3603 1112 3668 ‘quaecunque
1164 3601 1420 3651 nomina
1471 3617 1657 3664 genere
1706 3600 2000 3650 masculino
2053 3608 2105 3652 et
2143 3602 2387 3652 feminino
2424 3603 2656 3652 ablatiuo
2696 3617 2821 3652 casu
2858 3601 2963 3650 sin-

672 3691 838 3753 gulari
887 3707 918 3739 a
954 3690 1128 3739 littera
1184 3690 1442 3739 fuerint
1477 3683 1840 3739 terminata'
1899 3707 1927 3739 e
1966 3691 2162 3740 Donati
2210 3687 2355 3740 fonte
2409 3692 2575 3756 petita
2624 3707 2743 3741 esse
2790 3691 2962 3740 uoluit

669 3782 1002 3832 Kummrow.
1075 3780 1154 3828 At
1207 3780 1386 3828 Diom.
1446 3796 1496 3845 p.
1537 3780 1659 3844 304,
1715 3778 1780 3830 27
1841 3779 2067 3842 legimus
2128 3775 2599 3846 ‘quaecunque
2644 3780 2857 3828 nomina
2896 3819 2908 3832 .
2948 3817 2962 3829 .

671 3865 944 3918 finiuntur‘
1003 3875 1054 3918 et
1109 3884 1162 3933 p.
1220 3867 1352 3935 305,
1389 3867 1421 3919 9
1470 3867 1712 3917 ‘nomina
1768 3883 1904 3932 quae
1943 3905 1957 3918 .
1998 3907 2011 3920 .
2056 3907 2069 3920 .
2109 3869 2365 3918 fuerint
2421 3867 2816 3934 terminata',
2870 3866 2961 3916 ubi

669 3958 872 4024 reliqua
906 3957 1068 4006 uerba
1105 3963 1343 4006 accurate
1381 3972 1498 4005 cum
1538 3956 1781 4006 Charisio
1820 3957 2175 4006 consentiunt.
2234 3958 2377 4019 Ergo
2401 3956 2681 4006 Diomedis
2708 3957 2826 4005 fons
2854 3971 2961 4004 non

671 4053 943 4111 tantopere
981 4045 1210 4094 formulis
1248 4045 1561 4094 inhaerebat
1597 4051 1794 4110 quanto
1835 4045 2074 4097 Charisii.

881 4129 902 4166 1
939 4133 1350 4184 Schottmueller
1399 4135 1466 4183 ad
1505 4134 1872 4184 Cominianum
1912 4133 2123 4184 rettulit
2159 4132 2311 4185 Char.
2346 4133 2380 4185 1.
2419 4136 2446 4183 I
2483 4150 2651 4199 capp.
2646 4135 2775 4185 ..XI
2815 4133 2958 4182 XVI

675 4221 841 4288 (prior
876 4221 1106 4290 comm..)
1171 4222 1306 4275 1.11
1346 4238 1458 4288 cap.
1495 4223 1604 4272 VII
1641 4221 1863 4288 (primus
1906 4219 2131 4289 commw)
2191 4221 2367 4271 Christ
2400 4222 2580 4272 Anon.
2628 4221 2766 4274 Bob.
2810 4236 2959 4286 capp.

674 4313 741 4360 de
779 4312 991 4361 nomine
1027 4314 1095 4378 (p.
1136 4309 1439 4371 533-534,
1479 4311 1540 4362 31
1575 4317 1632 4375 ÷
1660 4311 1780 4370 535,
1820 4311 2051 4374 9-537,
2092 4309 2201 4376 26),
2243 4311 2310 4359 de
2338 4311 2713 4376 conparatione
2739 4311 2814 4375 (p.
2836 4309 2959 4374 555,

671 4399 934 4468 30—557‚
972 4401 1044 4467 2),
1081 4401 1148 4450 de
1197 4399 1509 4466 pronomine
1545 4398 1614 4465 (p.
1657 4400 1780 4461 537,
1819 4399 2051 4462 3-561,
2099 4397 2183 4466 18)
2224 4407 2273 4448 et
2335 4400 2507 4465 capita
2549 4398 2772 4447 Charisii
2828 4413 2959 4464 quae

674 4487 758 4537 his
797 4490 1136 4555 respondent.
