3459 5217
1544 499 1896 551 ..13-

563 670 778 748 Itaque
819 679 1012 729 totam
1056 672 1216 731 illam
1261 674 1619 750 particulam
1649 673 1903 731 inseruit
1946 691 2005 749 p.
2032 674 2170 742 324,
2204 672 2470 747 22-—38‚
2518 679 2583 729 et
2607 672 2857 748 quidem

564 772 640 830 ab
685 773 802 830 alio
847 780 1099 831 auctore
1146 782 1331 849 atque
1376 775 1622 832 relicum
1667 782 1851 850 caput
1882 773 2219 832 oriundam.
2308 773 2593 831 Donatus
2632 793 2693 849 p.
2718 774 2857 842 374,

563 875 808 931 19—23
857 876 1132 949 exponit,
1179 883 1248 931 ut
1278 883 1725 950 exspectamuS,
1772 892 1931 951 quae
1978 874 2285 932 adiectiua
2316 874 2375 930 in
2418 875 2857 949 conparatione

561 975 869 1034 deficiant.
959 974 1112 1035 Cum
1156 977 1408 1035 Donato
1453 978 1674 1052 reliqui
1719 986 1862 1051 treS‚
1920 976 2228 1034 Charisius
2274 976 2459 1033 etiam
2522 976 2860 1033 accuratius

561 1094 743 1151 quam
809 1079 1164 1155 Anonymus
1211 1080 1530 1137 Bobiensis
1600 1088 1663 1136 et
1717 1077 2073 1152 Dositheu8‚
2144 1077 2535 1135 consentiunt
2601 1072 2857 1151 (Charis,

561 1198 622 1253 p.
651 1180 791 1251 156,
819 1181 1098 1250 30—343
1132 1180 1328 1241 Anon.
1356 1180 1504 1241 Bob.
1535 1199 1592 1255 p.
1622 1182 1760 1250 536,
1789 1181 1886 1240 30.
1915 1180 2178 1247 31÷36.
2206 1180 2315 1247 37;
2363 1177 2599 1235 Dosith.
2630 1196 2688 1252 p.
2719 1180 2858 1246 399,

567 1283 772 1339 9—-11
809 1288 868 1342 ÷
901 1280 1050 1350 400,
1095 1284 1152 1340 2.
1204 1278 1284 1359 3).
1373 1281 1654 1339 Donatus
1714 1282 1891 1355 igitur
1950 1280 2219 1337 eundem
2263 1278 2717 1353 grammaticum
2764 1294 2857 1334 se—

563 1390 739 1439 cutus
787 1390 882 1440 est
925 1390 1112 1458 atque
1163 1383 1226 1440 in
1272 1384 1500 1459 reliquo
1545 1383 1783 1459 capite;
1831 1382 2168 1440 Diomedes
2214 1381 2368 1438 illius
2410 1380 2859 1455 expositionem

563 1484 791 1558 expulit
835 1491 1024 1559 atque
1053 1484 1234 1542 istum
1265 1492 1593 1543 tractatum
1619 1484 1887 1543 inseruit.
1956 1482 2117 1541 Sane
2140 1482 2298 1540 inter
2323 1481 2513 1539 uerba
2538 1480 2770 1539 Donati
2795 1500 2858 1555 p.
2912 1464 2917 1471 ’

567 1585 704 1655 374,
749 1586 1058 1660 34—-375,
1106 1588 1145 1644 4
1175 1594 1242 1643 et
1270 1585 1590 1644 Diomedis
1621 1603 1680 1661 p.
1713 1587 1850 1657 324,
1897 1587 2143 1643 29—33
2188 1584 2517 1641 similitudo
2550 1583 2859 1658 quaedam

565 1684 900 1743 intercedit.
991 1684 1143 1743 Cum
1191 1704 1340 1744 uero
1384 1687 1572 1745 mirae
1615 1687 1768 1745 illius
1800 1685 2087 1745 dictionis
2138 1684 2397 1759 uestigia
2440 1683 2610 1759 apud
2649 1682 2860 1739 Dona·—

565 1793 692 1843 tum
735 1804 861 1843 non
907 1794 1169 1855 exstent,
1217 1788 1366 1845 inde
1410 1804 1538 1844 non
1610 1787 1865 1845 efficitur
1909 1786 2141 1843 Donati
2185 1800 2431 1862 quoque
2474 1786 2537 1841 in
2580 1786 2859 1843 manibus

562 1885 725 1944 illum
771 1896 1094 1947 tractatum
1140 1889 1344 1950 fuisse.
1435 1888 1574 1947 Hoc
1631 1890 2016 1947 enuntiatum
2059 1906 2199 1945 eum
2272 1905 2347 1943 ex
2394 1887 2617 1944 eodem
2673 1897 2859 1962 atque

565 1987 815 2045 relicum
864 1998 1048 2065 caput
1096 1988 1266 2047 fonte
1298 1990 1630 2066 sumpsisse
1661 1990 2030 2065 putabimus.
2067 2020 2143 2029 —-
2177 1988 2239 2045 Si
2262 2005 2665 2063 conparamus
2696 2006 2857 2063 quae

568 2088 777 2163 reliqui
833 2097 953 2149 tres
1021 2091 1106 2147 de
1149 2090 1593 2166 conparatione
1652 2092 1884 2148 docent
1941 2073 2478 2148 ⁶demonstratione
2535 2108 2689 2165 opus
2733 2106 2859 2147 non

566 2196 662 2245 est
703 2189 1088 2266 Anonymum
1135 2190 1503 2249 Bobiensem
1551 2188 1638 2267 (p.
1685 2193 1830 2259 536,
1880 2192 2189 2260 18-537,
2242 2187 2343 2267 14)
2389 2200 2451 2249 et
2494 2189 2860 2249 Dositheum

567 2285 650 2365 (p.
697 2292 838 2359 398,
884 2293 1188 2369 11-401,
1238 2288 1302 2369 7)
1350 2293 1534 2367 plane
1585 2293 1952 2351 consentire.
2056 2291 2158 2349 Bis
2204 2293 2633 2349 tantummodo
2679 2290 2859 2349 Dosi-

565 2390 742 2449 theus
772 2410 969 2467 pauca
994 2396 1184 2453 uerba
1216 2394 1419 2451 omisit
1444 2411 1604 2468 quae
1635 2394 1800 2469 apud
1827 2395 2222 2467 Anonymum
2254 2392 2620 2450 Bobiensem
2649 2393 2859 2466 legun·

565 2498 660 2548 tur
704 2488 931 2566 (Anon.
975 2494 1127 2555 Bob.
1172 2511 1230 2571 p·
1277 2496 1415 2563 536,
1465 2497 1542 2555 27
1575 2518 1653 2545 ==
1687 2494 1921 2556 Charis,
1968 2513 2024 2571 p.
2074 2497 2213 2563 156,
2279 2495 2380 2554 22.
2428 2496 2506 2553 23
2549 2503 2614 2551 et
2655 2494 2856 2551 Anon.

565 2590 715 2653 Bob.
753 2611 810 2667 p.
855 2596 993 2669 536,
1065 2598 1142 2655 29
1175 2620 1254 2645 =
1287 2596 1517 2656 Charis,
1564 2616 1623 2673 p.
1675 2599 1817 2666 156,
1888 2598 1985 2657 26.
2034 2590 2157 2674 27).
2271 2594 2579 2654 Charisius
2644 2594 2721 2653 ab
2767 2595 2857 2653 his

567 2692 733 2750 haud
766 2696 1018 2769 paulum
1049 2696 1380 2773 discrepat,
1413 2707 1477 2755 et
1507 2699 1755 2773 quidem
1784 2698 1977 2768 initio,
2018 2714 2161 2755 nam
2191 2714 2353 2772 quae
2380 2715 2437 2772 p.
2468 2697 2605 2765 157,
2652 2697 2857 2753 2—22

567 2794 802 2869 scripsit
845 2798 1044 2855 isdem
1087 2798 1288 2856 uerbis
1335 2808 1398 2856 et
1444 2800 1668 2856 eodem
1713 2799 1927 2855 ordine
1968 2799 2137 2873 apud
2174 2798 2562 2873 Anonymum
2594 2794 2859 2853 Bobien-

569 2910 700 2951 sem
745 2889 827 2973 (p.
877 2900 1014 2969 536,
1073 2901 1383 2967 37-537,
1449 2898 1552 2972 14)
1619 2907 1681 2955 et
1727 2898 2094 2956 Dositheum
2152 2894 2236 2974 (p.
2276 2899 2421 2966 400,
2482 2898 2746 2965 5-401,
2797 2893 2858 2971 7)

569 2994 846 3053 redeunt.
937 2998 1062 3055 Sed
1105 3000 1170 3056 in
1210 2999 1408 3075 priore
1453 3005 1621 3073 parte
1667 2998 1837 3057 nulla
1892 2997 2117 3057 ordinis
2164 2998 2554 3055 similitudine
2602 3014 2740 3054 cum
2771 2996 2858 3053 eis

569 3095 930 3156 coniunctus
976 3108 1090 3169 est,
1137 3117 1506 3175 quamquam
1549 3118 1753 3175 pauca
1788 3106 2019 3157 tantum
2066 3107 2230 3162 sunt,
2280 3116 2441 3174 quae
2486 3099 2651 3174 apud
2695 3098 2859 3154 illum

569 3196 872 3272 leguntur,
917 3199 1010 3259 his
1051 3202 1258 3259 desint
1327 3195 1587 3278 (Charis,
1632 3219 1690 3276 p.
1744 3202 1883 3269 156,
1931 3202 2029 3260 23.
2076 3201 2184 3269 24;
2236 3201 2374 3268 156,
2423 3201 2499 3260 29
2544 3199 2618 3258 cs.
2658 3198 2859 3257 Diom.

567 3316 624 3373 p.
657 3300 800 3376 324,
847 3302 944 3361 21.
995 3303 1072 3360 22
1120 3310 1183 3359 et
1226 3301 1388 3359 Don.
1434 3320 1494 3377 p.
1527 3304 1668 3378 374,
1719 3303 1814 3361 18.
1858 3302 1965 3369 19;
2013 3302 2151 3369 156,
2198 3302 2279 3360 30
2321 3300 2393 3361 cf.
2440 3299 2601 3360 Don.
2632 3316 2690 3374 p.
2719 3300 2859 3376 374,

570 3401 664 3461 19.
714 3402 822 3469 2Ο;
871 3398 1008 3471 156,
1055 3403 1302 3461 32-34
1348 3401 1425 3459 cf.
1470 3401 1629 3461 Don.
1673 3420 1730 3476 p.
1778 3403 1920 3469 374,
1969 3394 2263 3476 21—23).
2365 3400 2424 3457 Si
2465 3417 2613 3457 uero
2656 3416 2752 3473 ea,
2796 3401 2859 3457 in

569 3500 788 3573 quibus
833 3509 956 3558 tres
1001 3502 1084 3560 illi
1127 3502 1540 3571 consentiunt,
1607 3518 1746 3561 eum
1790 3500 2097 3559 Diomede
2151 3509 2215 3557 et
2259 3499 2511 3559 Donato
2557 3517 2854 3575 conpara-

571 3619 724 3679 muS‚
769 3603 954 3678 plane
994 3604 1240 3661 diuerso
1283 3612 1348 3661 et
1389 3603 1502 3660 hos
1548 3613 1614 3661 et
1657 3604 1791 3661 illos
1835 3602 2053 3660 ordine
2098 3602 2185 3659 uti
2230 3603 2504 3677 adparet.

771 3703 1086 3761 Postremo
1119 3704 1388 3778 denique
1419 3704 1554 3761 loco
1580 3702 1919 3761 Diomedes
1950 3702 2324 3761 deminutiua
2356 3709 2579 3759 tractat
2605 3698 2689 3776 (p.
2717 3704 2857 3770 325,

571 3805 879 3882 25-326,
925 3801 1052 3878 29).
1138 3799 1417 3863 Initium1
1462 3801 1694 3881 (Diom.
1740 3823 1797 3881 p.
1831 3806 1973 3873 325,
2006 3798 2283 3878 25—28)
2328 3802 2497 3877 apud
2542 3801 2859 3859 Donatum

567 3904 728 3962 redit
773 3902 860 3982 (p.
907 3908 1048 3975 373,
1095 3904 1386 3983 14--16).
1475 3907 1781 3967 Charisius
1826 3911 1912 3983 (p.
1963 3910 2103 3977 155,
2148 3906 2446 3982 10—13)‚
2502 3907 2859 3983 Anonymus

567 4005 887 4065 Bobiensis
931 4004 1018 4084 (p.
1065 4009 1209 4077 535,
1260 4006 1549 4085 19-21),
1590 4009 1925 4068 Dositheus
1971 4003 2053 4087 (p.
2100 4010 2242 4074 395.
2302 4010 2396 4067 10.
2453 4004 2561 4086 11)
2599 4006 2858 4082 primum

765 4238 788 4277 ¹
823 4242 998 4293 Diom.
1039 4260 1091 4309 p.
1129 4242 1253 4303 325,
1293 4242 1361 4295 27
1401 4242 1740 4293 scribendum
1780 4248 1883 4295 est:
1920 4241 2135 4291 ‘horum
2165 4248 2337 4291 autem
2364 4248 2467 4291 tres
2496 4248 2617 4291 sunt
2643 4240 2854 4303 gradus,

569 4344 792 4395 quorum
833 4330 998 4379 forma
1037 4346 1190 4395 quam
1227 4332 1392 4395 magis
1441 4332 1692 4380 minuitur
1751 4330 1939 4380 crescit
1985 4346 2138 4397 saepe
2177 4344 2420 4379 numerus
2481 4328 2799 4395 syllabarum
2821 4327 2855 4387 ’ς

572 4419 649 4469 sic
694 4420 938 4469 Donatus
977 4420 1195 4485 praebet
1231 4418 1400 4488 (solus
1433 4421 1551 4471 cod.
1588 4421 1664 4471 L:
1721 4424 1970 4484 quantum
2007 4418 2212 4487 magis).
2281 4418 2555 4469 Diomedis
2591 4417 2747 4469 codd.
2786 4417 2862 4467 sic

568 4507 830 4559 scribunt:
869 4523 1023 4573 quam
1061 4508 1228 4571 magis
1269 4510 1332 4569 B,
1373 4506 1609 4574 quamuis
1646 4508 1812 4571 magis
1853 4508 1927 4575 A,
1964 4507 2201 4574 quamuis
2237 4508 2314 4559 M.
