3459 5217
1497 488 1850 541 ...37-

531 671 662 722 tata
703 681 864 721 nunc
907 670 1024 741 est,
1089 664 1444 739 plerumque
1487 680 1614 720 non
1662 662 1967 739 Anonymi
2012 665 2122 721 sed
2167 665 2423 722 aliorum
2475 664 2822 738 grammati-

530 782 735 823 corum
765 765 948 823 libros
979 765 1150 834 adiit,
1195 765 1258 822 in
1285 764 1508 840 primiS,
1556 772 1622 822 ut
1669 765 2017 840 conparatis
2052 765 2306 824 Charisii
2349 766 2551 824 uerbis
2599 767 2819 833 elucet,

533 866 876 924 Cominiani
939 875 1004 923 et
1062 866 1462 926 Palaemonis,
1551 866 1793 924 Eadem
1852 867 1915 924 in
1969 865 2305 925 Charisium
2367 868 2614 928 cadunt.
2701 868 2822 925 Hic

532 985 776 1043 quoque
823 975 887 1025 et
930 968 1242 1026 mutilatus
1287 975 1382 1025 est
1427 976 1490 1024 et
1535 967 1682 1024 inde
1726 986 1765 1025 a
1810 968 2011 1043 capite
2046 969 2123 1024 de
2166 968 2486 1045 participio
2519 968 2820 1043 Anonymi

531 1078 720 1127 artem
786 1069 1072 1144 neglexit.
1157 1069 1376 1144 Itaque
1444 1068 1674 1126 factum
1740 1076 1852 1139 est,
1926 1077 1992 1126 ut
2048 1067 2321 1127 Charisio
2378 1078 2441 1127 et
2493 1070 2819 1144 Anonymo

532 1170 819 1228 Bobiensi
886 1179 947 1228 et
1007 1169 1309 1227 Dositheo
1373 1177 1660 1245 quattuor
1719 1177 1957 1227 tantum
2023 1170 2225 1246 capita
2282 1172 2628 1229 communia
2680 1172 2817 1230 sint.

534 1272 817 1331 Ceterum
863 1290 998 1330 cum
1049 1270 1326 1329 Charisio
1372 1271 1593 1347 partim
1636 1272 1991 1347 Anonymus
2038 1271 2377 1342 Bobiensis,
2426 1273 2647 1348 partim
2690 1271 2821 1329 Do-

527 1372 759 1431 sitheus
810 1372 1096 1431 concinit.
1186 1372 1338 1430 Sunt
1385 1373 1569 1431 etiarn
1624 1391 1827 1448 pauca
1878 1372 2081 1447 capita
2127 1391 2288 1448 quae
2334 1372 2609 1448 quamuis
2664 1388 2819 1429 unus

443 1482 450 1486 '
526 1484 764 1533 tantum
809 1493 881 1532 ex
927 1474 1017 1533 his
1063 1474 1346 1533 exhibeat
1393 1483 1598 1534 tamen
1643 1475 1726 1533 ad
1776 1474 1937 1532 hunc
1999 1474 2233 1532 fontem
2296 1474 2617 1533 referenda
2678 1475 2818 1536 sint.

524 1576 700 1635 Haec
746 1574 1040 1650 deinceps
1087 1577 1379 1635 tractabO.

724 1674 988 1733 Primum
1033 1676 1114 1733 de
1161 1676 1248 1734 eis
1295 1676 1595 1752 capitibus
1641 1694 1825 1750 agam
1854 1693 2015 1752 quae
2046 1676 2215 1750 apud
2247 1674 2607 1745 Charisium,
2653 1675 2817 1734 Ano-

524 1796 768 1852 nymum
815 1776 1196 1847 Bobiensem,
1240 1777 1606 1835 Dositheum
1651 1785 1929 1834 exstant:

722 1878 833 1937 De
878 1880 1119 1936 oratio
1135 1897 1226 1936 ne
1271 1879 1524 1953 eiusque
1569 1878 1845 1954 partibus
1895 1885 2159 1936 tractant
2218 1870 2521 1937 Charisius
2565 1897 2622 1953 p.
2677 1880 2819 1948 152,

530 1982 791 2055 11—-15,
867 1982 1224 2056 Anonymus
1270 1980 1591 2038 Bobiensis
1647 1998 1706 2055 p.
1754 1981 1899 2046 533,
1947 1981 2126 2049 2-5,
2192 1979 2526 2038 Dositheus
2571 1999 2629 2056 p.
2679 1982 2821 2049 389,

525 2085 748 2142 8—11.
838 2081 1077 2141 Omnes
1135 2084 1361 2141 eodem
1416 2083 1606 2139 modo
1666 2082 1815 2156 quid
1871 2071 1949 2139 sit
2004 2081 2202 2138 oratio
2268 2081 2584 2141 definiunt.
2672 2082 2820 2140 Eius

524 2192 724 2257 partes
766 2202 893 2241 non
937 2185 1120 2260 plane
1167 2184 1389 2242 eodem
1442 2183 1670 2240 ordine
1714 2183 1807 2240 usi
1861 2190 2240 2243 enumerant.
2329 2182 2401 2239 In
2445 2183 2563 2239 fine
2610 2183 2821 2258 capitis

526 2286 763 2344 addunt
817 2285 1172 2361 Anonymus
1221 2284 1543 2343 Bobiensis
1617 2292 1678 2342 et
1733 2283 2065 2342 Dositheus
2126 2272 2521 2358 ‘quibusdam
2578 2284 2825 2342 uidetur

526 2395 588 2443 et
630 2371 1006 2462 appellatio³‚
1054 2388 1224 2463 quod
1269 2386 1658 2443 enuntiatum
1706 2384 2015 2443 Charisius
2062 2403 2189 2443 non
2234 2384 2482 2442 exhibet
2504 2379 2547 2447 ¹.

730 2488 932 2564 Caput
974 2488 1085 2545 De
1128 2487 1421 2545 nomine
1467 2504 1651 2563 supra
1696 2486 1844 2545 satis
1890 2486 2162 2543 tractaui.

725 2589 831 2648 De
874 2589 1318 2665 pronomine
1373 2589 1434 2645 in
1494 2589 1847 2645 uniuersum
1890 2588 2072 2662 plane
2116 2588 2510 2647 consentiunt
2556 2590 2711 2649 inter
2754 2608 2820 2648 se

531 2691 785 2750 Charisii
827 2692 1053 2767 primus
1099 2698 1395 2749 tractatus
1437 2708 1497 2765 p.
1543 2690 1683 2765 157,
1717 2689 2023 2758 24—-159‚
2066 2689 2141 2748 35
2190 2697 2253 2745 et
2296 2690 2654 2765 Anonymus
2698 2691 2819 2748 Bo-

530 2794 754 2851 biensis
817 2812 877 2869 p.
922 2794 1066 2861 557,
1113 2794 1380 2869 4-561,
1453 2794 1528 2851 18
1595 2798 1658 2848 et
1727 2790 2059 2848 Dositheus
2106 2808 2167 2865 p.
2215 2792 2353 2870 401,
2400 2793 2669 2862 9-405,
2717 2794 2813 2866 23,

541 2894 808 2967 quamuis
855 2894 1007 2952 alius
1053 2893 1171 2950 alia
1213 2892 1481 2951 omiserit
1524 2891 1624 2949 uel
1669 2890 1994 2950 mutauerit
2037 2890 2133 2949 uel
2178 2892 2641 2967 transposuerit.
2722 2893 2816 2951 Ab

539 2998 752 3053 eadem
799 2994 1174 3071 pronominis
1221 2988 1621 3051 definitione2
1663 2992 2026 3067 incipientes
2074 2992 2332 3067 primum
2361 3000 2629 3052 tractant
2656 3013 2817 3071 quae

527 3097 666 3156 huic
708 3098 867 3174 parti
911 3096 1202 3154 orationis
1248 3095 1565 3166 accidunt,
1637 3102 1827 3169 atque
1870 3092 2021 3152 haec
2066 3093 2311 3169 quidem
2354 3094 2553 3151 isdem
2598 3097 2816 3156 uerbiS.

527 3199 688 3257 Tum
741 3188 1141 3274 ‘pronomina
1198 3198 1283 3254 ad
1341 3182 1605 3271 aliquid'
1664 3202 2145 3255 conmemorant.
2242 3195 2489 3253 Deinde
2554 3196 2820 3254 declina-

523 3301 720 3359 tiones
762 3300 1189 3377 pronominum
1239 3304 1549 3367 secuntur‚
1615 3296 1809 3371 primo
1853 3296 1992 3354 loco
2037 3295 2364 3366 finitorum,
2411 3299 2685 3355 secundo
2729 3298 2818 3355 in-

524 3402 846 3478 finitorum,
913 3402 1092 3459 tertio
1149 3399 1652 3476 possessiuorum.
1744 3397 1817 3454 In
1864 3406 2138 3455 extremo
2184 3398 2383 3473 capite
2438 3400 2518 3455 de
2571 3398 2818 3473 singulis

524 3504 890 3577 quibusdam
921 3500 1378 3578 pronominibus
1411 3500 1626 3575 agitur,
1677 3499 1849 3556 uelut
1880 3499 1961 3555 de
1992 3499 2355 3574 pronomine
2400 3517 2600 3569 nem0,
2649 3500 2818 3573 quod

723 3714 744 3752 1
778 3716 1035 3767 Definitio
1093 3714 1352 3766 orationis
1418 3713 1695 3764 Scauriana
1753 3720 1850 3781 est,
1902 3714 1967 3764 cf.
2015 3714 2195 3765 Diom.
2260 3730 2311 3779 p.
2360 3714 2479 3775 300,
2522 3713 2613 3773 193
2676 3714 2817 3763 idem

518 3824 570 3872 p.
602 3806 723 3865 300,
764 3804 834 3856 27
873 3805 1082 3870 scripsit
1118 3803 1339 3853 ‘Scauro
1377 3802 1588 3851 uidetur
1647 3809 1698 3851 et
1738 3801 2066 3868 appellatio'.
2118 3803 2261 3853 Num
2287 3802 2601 3869 Anonymus
2630 3803 2813 3852 Scauri

522 3894 886 3943 definitionem
923 3892 1188 3957 receperit,
1246 3890 1525 3940 diiudicari
1574 3890 1774 3956 nequit,
1843 3906 1959 3939 cum
2007 3891 2251 3939 Donatus
2309 3890 2669 3940 definitionem
2707 3906 2815 3940 non

523 3982 872 4047 descripserit.
947 3981 1223 4030 Diomedis
1262 3979 1437 4029 uerbis
1477 3995 1532 4044 p.
1571 3978 1693 4044 300,
1730 3978 1801 4029 27
1842 3978 2100 4028 dubitatio
2140 3985 2401 4030 mouetur.
2456 3979 2594 4029 Nam
2624 3994 2652 4028 e
2686 3979 2816 4040 frag-

520 4076 697 4119 mento
737 4068 918 4118 Scauri
955 4068 1134 4119 Diom.
1172 4085 1224 4134 p.
1262 4067 1383 4128 320,
1429 4064 1640 4117 13-25
1678 4066 1835 4116 etiam
1884 4064 2263 4117 ‘uocabulum'
2304 4068 2437 4117 inter
2483 4072 2660 4132 partes
2702 4083 2810 4117 ora-

523 4160 678 4209 tionis
719 4164 1100 4222 exspectamuS.

719 4242 743 4279 2
783 4246 858 4294 Vt
897 4244 1038 4310 apud
1074 4244 1414 4308 Anonymum
1442 4242 1765 4292 Bobiensem
1804 4249 1857 4292 et
1885 4242 2195 4294 Dositheum
2233 4245 2310 4293 sic
2344 4244 2483 4309 apud
2517 4244 2808 4294 Charisium

523 4350 729 4399 quoque
764 4333 1050 4396 legendum
1077 4337 1158 4381 est
1192 4330 1392 4380 ‘minus
1433 4330 1648 4397 quidem
1689 4329 1861 4395 plene,
1899 4331 2043 4379 idem
2081 4330 2297 4397 tamen'‚
2337 4347 2458 4380 nam
2497 4332 2574 4379 sic
2613 4332 2812 4380 codicis

525 4422 872 4488 Neapolitani
930 4420 1095 4487 prima
1151 4435 1350 4479 manuS,
1409 4435 1562 4485 supra
1608 4419 1803 4485 scripto
1839 4418 2001 4485 ‘pene
2020 4418 2051 4479 ²,
2092 4419 2164 4468 sic
2204 4435 2313 4473 exc.
2353 4420 2472 4470 cod.
2513 4420 2667 4470 Bern.
2715 4420 2812 4471 123

528 4512 763 4562 scribunt
799 4510 890 4579 (cf.
931 4510 1116 4573 Hagen
1156 4508 1364 4559 Aneed.
1407 4508 1569 4561 Helu.
1605 4525 1658 4574 p.
1699 4508 1819 4577 133,
1856 4507 1966 4576 31).
