3459 5217
1633 417 1986 471 -26—

675 590 877 649 fontes
924 589 1257 649 Diomedes
1305 589 1668 657 adhibuerit,
1738 589 2053 665 quomodo
2115 608 2271 665 quae
2338 608 2474 649 curn
2519 591 2769 650 Donato
2816 608 2961 648 con-

669 691 935 748 sentiunt
981 708 1018 747 a
1059 690 1300 765 reliquis
1345 690 1642 759 differant,
1679 690 2095 749 definiendum
2139 692 2265 751 erit.
2353 692 2507 751 Sunt
2551 694 2738 751 etiam
2783 710 2961 768 quae,

672 788 948 867 quamuis
991 792 1156 866 apud
1200 791 1514 850 Donatum
1580 792 1794 851 similia
1861 811 1989 851 non
2031 776 2436 863 inueniantur,
2492 813 2569 851 ex
2615 794 2732 852 hoc
2791 794 2961 851 fonte

674 892 1038 950 Diomedem
1105 890 1381 951 hausisse
1448 892 1730 967 coniciaS‚
1798 912 1931 951 cum
1998 894 2078 951 de
2143 894 2342 953 isdem
2408 895 2585 953 rebus
2643 895 2706 951 in
2770 894 2963 952 altera

672 993 1032 1051 recensione
1077 1001 1312 1069 agatur.
1400 994 1462 1052 Si
1506 1013 1664 1072 quae
1709 995 2011 1053 eiusmodi
2054 1004 2215 1069 sunt,
2260 1015 2421 1055 nunc
2467 1005 2704 1055 tantum
2748 994 2961 1053 leuiter

676 1104 871 1170 tango
915 1102 1102 1170 atque
1147 1096 1429 1170 sequenti
1474 1096 1878 1172 disputationi
1916 1114 2180 1156 reseru0.

873 1195 926 1253 E
970 1196 1270 1272 capitibus
1316 1215 1476 1273 quae
1519 1198 1581 1255 in
1625 1206 1756 1257 arte
1803 1198 2036 1257 Donati
2096 1207 2342 1258 exstant
2409 1217 2549 1258 cum
2613 1198 2964 1276 quindecim

673 1304 912 1355 tanturn
973 1297 1291 1374 prioribus,
1362 1307 1429 1356 ut
1471 1316 1657 1375 supra
1723 1300 1866 1370 dixi,
1933 1299 2079 1356 mihi
2136 1318 2232 1358 res
2298 1308 2418 1370 est;
2485 1320 2521 1357 e
2559 1302 2775 1376 quibus
2814 1300 2961 1377 ipsis

670 1406 953 1473 quartum
993 1398 1092 1457 De
1133 1399 1417 1475 pedibuS,
1463 1400 1606 1476 quia
1649 1402 1731 1459 ad
1775 1418 1869 1459 res
1914 1400 2196 1459 metricas
2239 1402 2525 1477 pertinet,
2570 1402 2809 1461 omitt0.

870 1500 1049 1572 Quae
1093 1500 1157 1558 in
1200 1502 1395 1578 primo
1445 1502 1680 1562 Donati
1725 1504 1945 1579 capite,
1994 1505 2163 1580 quod
2208 1512 2304 1561 est
2349 1504 2456 1561 De
2504 1520 2691 1561 uoce
2720 1521 2779 1578 p.
2828 1504 2965 1572 367,

673 1602 854 1673 5—-7,
902 1603 1178 1678 leguntur
1224 1605 1391 1678 apud
1435 1603 1807 1661 Diomedem
1840 1622 1901 1680 p.
1945 1605 2089 1678 420,
2137 1605 2339 1665 9-15
2385 1605 2673 1675 redeunt;
2735 1604 2965 1663 deinde
3029 1606 3035 1611 ’

671 1701 853 1760 alium
899 1702 1132 1761 fontem
1173 1705 1524 1763 adhibuisse
1569 1705 1815 1762 uidetur
1857 1705 1976 1764 ille.

867 1804 1219 1863 Secundum
1265 1806 1496 1864 Donati
1554 1813 1739 1881 caput
1778 1814 1875 1864 est
1926 1805 2035 1864 De
2082 1805 2347 1864 littera
2391 1825 2451 1882 p.
2506 1808 2648 1885 367,
2694 1808 2962 1876 9—-368,

674 1907 769 1964 16.
820 1904 975 1962 Cum
999 1905 1249 1965 Donato
1296 1906 1599 1965 consentit
1631 1906 1954 1964 Diomedis
1997 1906 2160 1982 prior
2205 1906 2478 1964 definitio
2518 1900 2605 1985 (p.
2649 1909 2790 1976 421,
2840 1907 2958 1979 15).

674 2005 890 2063 Vtrum
922 2025 1082 2082 quae
1109 2027 1166 2084 p.
1199 2010 1341 2076 421,
1390 2009 1631 2068 28—31
1681 2008 1763 2065 de
1806 2008 2227 2067 accidentibus
2271 2008 2529 2084 scripsit,
2574 2008 2711 2065 huic
2753 2027 2833 2066 an
2863 2008 2963 2066 alii

677 2107 826 2164 fonti
872 2107 1098 2167 debeat
1140 2110 1204 2168 in
1247 2108 1436 2167 dubio
1478 2110 1770 2185 relinqu0.
1856 2107 2016 2167 Nam
2062 2108 2346 2166 Donatus
2392 2104 2479 2185 (p.
2504 2112 2643 2178 368,
2694 2108 2963 2182 14—16)

672 2208 1058 2283 paucioribus
1095 2210 1175 2266 de
1206 2208 1321 2269 hac
1353 2228 1417 2266 re
1462 2210 1660 2269 uerbis
1707 2210 1991 2286 loquitur,
2051 2227 2235 2285 quam
2278 2218 2345 2267 ut
2387 2210 2619 2267 firmam
2662 2228 2964 2286 conpara-

675 2310 823 2366 tioni
871 2328 1085 2368 ansam
1127 2293 1442 2386 praebeat.
1530 2311 1777 2370 Deinde
1821 2311 1973 2370 haec
2019 2329 2158 2369 cum
2202 2311 2453 2370 Donato
2506 2319 2876 2386 congruunt:

872 2411 1034 2469 Don.
1080 2430 1140 2488 p.
1189 2414 1327 2486 367,
1375 2415 1576 2473 9—-11
1647 2436 1726 2461 =
1755 2413 1955 2473 Diom.
2000 2431 2059 2488 p.
2109 2414 2247 2482 422,
2293 2413 2331 2470 4
2373 2413 2518 2471 item
2566 2415 2687 2471 —7

872 2512 1036 2571 Don.
1080 2531 1139 2588 p.
1189 2515 1328 2589 367,
1377 2516 1620 2574 12—21
1649 2536 1726 2562 =
1754 2515 1954 2574 Diom.
2001 2534 2059 2590 p.
2106 2515 2247 2591 422,
2298 2516 2543 2574 14--24

874 2612 1035 2671 Don.
1081 2633 1138 2690 p.
1187 2616 1328 2685 368,
1378 2618 1537 2676 1—5
1647 2638 1726 2665 =
1754 2616 1955 2677 Diom.
2002 2636 2059 2693 p.
2104 2618 2244 2686 423,
2290 2610 2492 2675 2-61

873 2715 1035 2775 Don.
1080 2735 1140 2792 p.
1187 2718 1329 2789 368,
1374 2719 1581 2778 5-10
1647 2740 1726 2766 =
1753 2717 1952 2777 Diom.
1998 2736 2058 2793 p.
2102 2719 2243 2787 423,
2289 2720 2493 2777 9-16

875 2815 1034 2877 Don.
1078 2836 1137 2893 p.
1184 2819 1324 2895 368,
1376 2820 1949 2882 12—-14=Diom.
1995 2838 2055 2896 p.
2102 2821 2244 2888 423,
2292 2819 2556 2879 31—36.

874 2916 1051 2989 Quae
1089 2930 1414 2995 praeterea
1456 2921 1794 2979 Diomedes
1839 2921 1959 2980 hoc
2000 2921 2199 2997 capite
2244 2920 2623 2995 amplectitur
2667 2920 2749 2977 ad
2780 2919 2963 2977 aliurn

676 3028 988 3078 auctorem
1031 3023 1351 3082 referenda
1390 3031 1550 3081 sunt.
1636 3023 1708 3080 In
1770 3022 1886 3081 illis
1931 3022 2240 3099 particulis
2303 3038 2463 3097 quae
2530 3038 2668 3079 cum
2713 3020 2961 3078 Donato

674 3138 802 3177 non
866 3131 1203 3196 congruunt
1268 3133 1390 3182 tres
1457 3124 1840 3181 differentiae
1918 3123 2249 3181 litterarum
2318 3131 2694 3187 statuuntur,
2771 3122 2964 3196 prima

681 3220 767 3301 (p.
793 3225 933 3294 421,
982 3227 1086 3300 33)
1132 3225 1454 3299 qualitates
1500 3225 1686 3282 habet
1730 3226 1908 3302 duaS‚
1953 3243 2091 3283 cum
2122 3232 2229 3282 aut
2251 3223 2511 3281 Latinae
2539 3229 2648 3281 aut
2670 3222 2965 3291 Graecae,

676 3326 934 3384 totidem
981 3327 1257 3384 secunda
1301 3323 1384 3401 (p.
1430 3326 1571 3395 422,
1617 3322 1700 3402 3),
1746 3344 1888 3383 cum
1932 3332 2039 3385 aut
2081 3323 2332 3382 uocales
2383 3332 2489 3381 aut
2528 3329 2963 3396 consonanteS,

677 3427 856 3485 tertia
899 3423 981 3504 (p.
1025 3429 1166 3502 422,
1215 3420 1320 3504 28)
1365 3434 1505 3500 treS,
1579 3443 1718 3484 cum
1780 3435 1887 3483 aut
1951 3425 2353 3484 semiuocales
2412 3431 2519 3481 aut
2581 3430 2791 3482 mutae
2860 3431 2966 3480 aut

676 3528 954 3603 duplices
998 3528 1135 3589 sint.
1223 3528 1452 3587 Similia
1492 3546 1694 3603 neque
1738 3529 1902 3604 apud
1937 3526 2255 3585 Donatum
2300 3543 2500 3602 neque
2542 3524 2607 3581 in
2650 3524 2735 3583 eis
2778 3525 2963 3601 parti-

678 3630 829 3689 culis
873 3648 1031 3705 quae
1077 3648 1217 3689 cum
1241 3630 1491 3688 Donato
1536 3629 1931 3688 consentiunt
1991 3630 2310 3687 docentur.
2399 3626 2644 3685 Deinde
2682 3644 2964 3684 nonnun-

679 3748 863 3807 quam
929 3730 1267 3790 Diomedes
1326 3731 1418 3790 bis
1486 3733 1564 3789 de
1631 3732 1853 3789 eadem
1913 3747 1977 3787 re
2023 3729 2281 3787 disserit.
2382 3729 2584 3786 Diom.
2629 3746 2690 3803 p.
2736 3730 2881 3797 422,
2928 3730 2965 3786 4

672 3823 862 3891 ‘item
907 3834 1377 3891 consonantium
1422 3833 1730 3910 quaedam
1770 3830 2197 3901 semiuocales,
2248 3832 2559 3907 quaedam
2600 3816 2842 3889 mutae'
2846 3876 2861 3909 ‚
2906 3839 2969 3887 et

889 4086 910 4125 ¹
946 4091 1168 4140 fortasse
1224 4090 1376 4140 etiam
1428 4089 1590 4139 uerba
1643 4086 1733 4137 ‘ex
1786 4087 1869 4137 his
1916 4104 1949 4137 x
1987 4086 2177 4152 duplex
2216 4086 2319 4138 est'
2356 4084 2434 4153 (p.
2473 4085 2595 4145 422,
2634 4086 2724 4150 30)
2764 4102 2827 4135 ex
2864 4086 2967 4136 hoc

683 4180 824 4229 fonte
863 4186 1068 4244 sumpta
1107 4184 1243 4237 sunt,
1307 4194 1425 4228 cum
1481 4177 1633 4227 aliter
1670 4193 1779 4226 non
1814 4175 2197 4238 intellegamus,
2237 4175 2508 4240 quomodo
2545 4175 2735 4224 factum
2776 4174 2861 4232 sit,
2911 4179 2969 4222 ut

671 4269 747 4317 de
787 4267 1092 4333 duplicibus
1128 4267 1318 4316 litteris
1355 4266 1526 4332 primo
1565 4265 1687 4315 loco
1728 4271 1927 4327 agatur,
1966 4280 2086 4313 nam
2127 4281 2176 4315 u.
2198 4262 2267 4315 29
2306 4264 2393 4329 (ex
2418 4264 2585 4312 altero
2613 4262 2777 4325 fonte)
2810 4262 2965 4311 tertio

681 4356 887 4405 demum
923 4355 1044 4405 loco
1079 4356 1426 4405 nominantur.
1471 4355 1635 4420 Apud
1654 4354 1923 4403 Donatum
1948 4352 2076 4405 haec
2097 4352 2263 4403 uerba
2288 4350 2725 4402 enumerationem
2751 4349 2968 4401 semiuo·

683 4443 873 4497 calium
907 4444 1270 4495 subsecuntur.
