3459 5217
1567 480 1910 530 ...51-

607 652 749 695 turus
762 646 979 696 uadatus
1007 647 1297 696 uadandus.
1399 644 1564 695 sentis
1583 644 1833 710 temporis
1848 652 1901 694 et
1913 646 2088 705 futuri,
2190 646 2414 695 minatus
2520 646 2880 718 criminaturus

1399 738 1457 781 ut
1494 733 1767 782 criminans
1804 733 2091 784 criminatu·
2191 734 2557 785 criminandus·

1403 836 1516 886 ruS,
1573 821 1859 871 secundum
1918 831 2088 872 autem

1399 909 1662 974 passiuam
1699 910 1917 959 formam
1945 926 2091 976 prae·

1400 996 1539 1047 teriti
1563 998 1810 1063 temporis
1838 1005 1890 1048 et
1914 999 2088 1056 futuri,

1400 1091 1457 1133 ut
1493 1084 1793 1136 criminatus
1820 1086 2091 1135 criminan-

1401 1172 1517 1221 dus,

808 1280 1144 1353 Diome-des
1189 1286 1253 1336 et
1295 1278 1574 1337 Donatus
1622 1256 2010 1355 Anonymum
2054 1282 2248 1339 secuti
2292 1300 2366 1338 ea
2407 1282 2468 1339 in
2509 1300 2575 1339 re
2616 1299 2655 1338 a
2686 1280 2885 1339 Comi-

618 1383 800 1439 niano
844 1380 1159 1445 recedunt,
1207 1381 1375 1454 quod
1417 1381 1737 1457 deponens
1780 1384 2084 1441 communi
2142 1391 2545 1458 praeponunt,
2609 1400 2747 1439 cum
2788 1382 2887 1439 ille

615 1482 828 1539 ordine
871 1481 1110 1538 inuerso
1155 1489 1373 1541 utatur.

805 1582 993 1655 Quod
1060 1579 1451 1641 Cominianus
1519 1593 1582 1641 et
1644 1585 1998 1661 Anonymus
2065 1602 2253 1660 saepe
2319 1584 2532 1641 mirum
2590 1591 2886 1659 quantum

610 1683 1020 1751 consentiunt,
1085 1683 1150 1739 id
1196 1700 1270 1739 ex
1333 1700 1443 1741 usu
1514 1686 1791 1743 eiusdem
1838 1685 2019 1743 fontis
2064 1685 2509 1762 explicabimus,
2597 1684 2658 1743 Si
2707 1684 2889 1759 igitur

609 1785 776 1859 apud
820 1783 1188 1840 Diomedem
1231 1792 1294 1841 et
1339 1785 1652 1843 Donatum
1699 1788 2006 1861 quaedam
2055 1787 2461 1859 inueniuntur,
2530 1802 2689 1861 quae
2750 1800 2888 1841 cum

611 1884 952 1943 Cominiani
994 1884 1195 1943 uerbis
1241 1892 1604 1961 congruant,
1651 1888 1963 1945 Donatum
2008 1888 2395 1962 Anonymum
2438 1904 2573 1946 esse
2618 1894 2891 1943 secutum

611 1984 989 2061 putabimus;
1038 1992 1239 2041 utrum
1269 1985 1605 2045 Diomedes
1637 1988 2023 2062 Anonymum
2054 2006 2132 2045 an
2162 1986 2587 2045 Cominianum
2626 1986 2887 2059 exscrip-

611 2086 773 2158 serit,
819 2084 1068 2159 singulis
1100 2086 1442 2161 quibusque
1471 2088 1618 2145 locis
1660 2089 2131 2146 examinandum
2162 2098 2273 2147 est.
2362 2088 2543 2147 Hanc
2571 2088 2888 2150 rationem,

614 2205 748 2245 cum
794 2204 975 2262 supra
1021 2203 1177 2260 quae
1231 2190 1397 2262 apud
1457 2187 1823 2247 Diomedem
1868 2190 2187 2264 Anonymo
2253 2190 2624 2249 uindicanda
2687 2192 2890 2245 essent

613 2288 946 2356 definirem,
1020 2295 1264 2345 secutus
1330 2306 1481 2348 sum.
1598 2289 1847 2365 Singula
1910 2290 2265 2367 pertractari
2340 2307 2466 2348 non
2528 2305 2680 2363 opus
2757 2305 2889 2345 esse

610 2389 839 2465 putaui.

809 2487 1050 2547 Nomen
1113 2490 1485 2564 grammatici
1553 2492 1720 2549 cuius
1796 2500 1991 2551 artem
2055 2492 2373 2549 restituere
2431 2498 2688 2547 conatus
2754 2506 2890 2545 sum

612 2590 1043 2659 oblitteratum,
1098 2590 1249 2648 liber
1292 2592 1458 2649 uelut
1499 2593 1744 2667 publica
1786 2611 1894 2671 res·
1936 2591 2099 2650 facta
2147 2598 2260 2650 est.
2347 2591 2550 2665 Atque
2594 2590 2705 2646 fuit
2738 2588 2891 2645 haec

614 2710 815 2765 causa,
889 2710 995 2751 cur
1033 2708 1260 2749 nomen
1310 2694 1598 2751 traditum
1639 2712 1769 2752 non
1809 2694 1901 2753 sit.
2010 2692 2179 2750 Duas
2242 2692 2633 2749 recensiones
2698 2698 2891 2747 artem

615 2812 983 2869 anonymam
1049 2800 1360 2868 expertam
1427 2811 1565 2851 esse
1620 2795 1757 2868 ipsa
1821 2792 2210 2873 inquisitione
2275 2800 2480 2850 nostra
2532 2790 2886 2849 deteximus,

615 2894 820 2951 Plures
867 2910 1114 2968 quoque
1157 2894 1460 2951 exstitisse
1507 2914 1629 2952 non
1672 2912 1843 2952 mera
1886 2894 2152 2970 suspicio
2198 2902 2311 2953 est.
2398 2891 2713 2950 Habemus
2771 2900 2890 2948 ter-

614 2995 735 3052 tiae
781 2994 1109 3069 epitomen,
1153 3012 1309 3068 quae
1354 2995 1530 3070 Aspri
1562 2996 1809 3053 nomine
1836 2995 2126 3070 inscripta
2155 2994 2472 3052 codicibus
2502 2993 2729 3051 tradita
2760 2988 2891 3051 est1

611 3092 770 3169 (GL.
831 3094 905 3155 V.
971 3113 1029 3169 p.
1101 3094 1478 3170 547—554).
1539 3128 1620 3136 —
1685 3096 2149 3171 Expositionem
2212 3096 2292 3153 de
2351 3094 2495 3152 artis
2559 3094 2890 3163 elementis,

613 3214 770 3272 quae
817 3195 1159 3253 eruditione
1202 3196 1400 3253 minus
1446 3215 1628 3271 egere
1667 3197 2004 3266 uidebatur,
2050 3215 2127 3253 ex
2156 3196 2312 3255 illius
2356 3196 2502 3254 artis
2545 3196 2887 3253 retractatis

611 3296 1051 3373 exemplaribus
1095 3296 1475 3373 grammatici
1517 3298 1925 3373 conpilatores
1972 3298 2201 3355 saeculi
2242 3296 2439 3374 quarti
2488 3304 2891 3372 sumpserunt.

615 3429 687 3439 -
743 3397 1026 3455 Donatus
1079 3414 1214 3454 cum
1241 3404 1431 3455 artem
1454 3397 1617 3455 illam
1651 3398 2066 3456 conscriberet
2099 3416 2258 3473 quae
2280 3397 2716 3472 posterioribus
2754 3414 2889 3453 sae-

610 3499 757 3556 culis
801 3498 976 3572 quasi
1020 3515 1221 3556 canon
1266 3497 1622 3576 habebatur,
1693 3500 1778 3557 nil
1830 3500 1947 3557 nisi
1990 3498 2292 3572 Anonymi
2345 3498 2771 3555 recensionem
2829 3497 2892 3554 in

611 3615 837 3656 nouam
881 3598 1135 3657 formam
1178 3598 1433 3675 redegit.
1521 3599 1634 3657 His
1663 3600 1944 3657 omnibus
1991 3598 2188 3658 causis
2234 3599 2689 3656 demonstratur
2718 3597 2891 3656 Ano-

611 3699 773 3773 nymi
817 3699 1030 3757 librum
1073 3708 1220 3757 tunc
1268 3700 1554 3775 temporis
1606 3700 1935 3776 praecipue
1990 3700 2051 3758 in
2095 3698 2317 3757 scholis
2360 3702 2651 3756 usitatum
2688 3699 2889 3758 fuisse.

611 3798 772 3856 Huic
809 3798 944 3857 usui
983 3799 1148 3858 illum
1191 3790 1404 3857 librum
1467 3801 1845 3876 aptissimum
1900 3801 2083 3859 fuisse
2125 3806 2373 3876 propter
2436 3799 2764 3876 simplicem
2830 3809 2892 3858 et

612 3898 994 3975 perspicuam
1034 3900 1335 3959 rationem
1399 3918 1522 3977 qua
1583 3920 1678 3960 res
1746 3910 2081 3961 tractantur
2143 3909 2331 3976 atque
2390 3902 2783 3960 emendatam
2827 3911 2890 3959 et

809 4137 831 4175 ¹
867 4140 1178 4192 Accuratius
1223 4141 1358 4193 hanc
1409 4159 1520 4193 rem
1557 4149 1776 4194 tractare
1813 4144 1941 4194 mihi
1982 4159 2091 4194 non
2124 4134 2263 4195 li‘cet.
2324 4144 2575 4195 Conferas
2611 4149 2772 4210 caput
2807 4144 2891 4195 De

608 4230 816 4280 nomine
853 4227 922 4296 (p.
952 4228 1075 4295 549,
1113 4230 1375 4291 22-550,
1403 4231 1496 4297 23)
1533 4248 1648 4282 cum
1673 4233 2120 4295 grammaticorum
2146 4249 2275 4299 quos
2301 4232 2519 4282 tractaui
2545 4232 2891 4298 expositione.

609 4320 914 4369 Consensus
952 4319 1087 4368 inter
1132 4318 1272 4369 hunc
1320 4326 1372 4369 et
1428 4320 1556 4370 illos
1595 4320 1857 4371 neminem
1914 4321 2094 4384 fugiet.
2168 4321 2638 4386 Pseudo-Asprum
2698 4336 2804 4370 non
2862 4338 2890 4372 e

609 4407 956 4469 grammaticis
995 4422 1130 4472 quos
1168 4407 1422 4458 habemus
1467 4408 1708 4459 hausisse
1751 4409 2019 4475 probatur,
2066 4409 2111 4459 si
2154 4410 2457 4476 inspicimus
2521 4425 2584 4460 ea
2636 4425 2765 4475 quae
2824 4410 2891 4459 de

612 4495 836 4561 septimo
875 4511 1000 4546 casu
1037 4496 1248 4545 disserit
1284 4494 1358 4562 (p.
1397 4496 1518 4565 550,
1563 4497 1807 4563 15-19).
1863 4498 2008 4548 Haec
2046 4498 2185 4564 apud
2223 4498 2375 4548 alium
2408 4514 2514 4549 non
2559 4498 2818 4563 leguntur.
