3459 5217
1686 451 2041 506 -22-

719 633 796 690 27
845 654 922 680 =
971 629 1168 690 Anon.
1236 629 1389 691 Bob.
1455 646 1516 704 p.
1587 629 1725 703 536,
1795 627 2042 688 25—29
2087 650 2166 676 =
2212 627 2453 689 Dosith.
2514 647 2574 706 p.
2622 631 2763 704 399,
2812 631 3005 699 6-9;

718 729 950 789 ChariS.
997 747 1054 808 p.
1101 731 1232 800 156,
1279 731 1587 806 34--157,
1632 732 1666 786 2
1726 737 1784 790 -l-
1842 727 1984 797 157,
2032 730 2191 787 3-—8
2240 751 2317 778 ---
2364 729 2559 806 Anon.
2593 729 2742 790 Bob.
2773 749 2832 806 p.
2863 730 3007 800 536,

718 832 964 890 32—-36
1020 835 1082 899 ÷
1135 833 1282 890 37-
1302 833 1444 901 537,
1491 831 1528 888 2
1571 853 1650 880 =
1697 829 1938 890 Dosith.
2000 847 2058 904 p.
2104 831 2251 906 399,
2307 832 2613 906 12-400‚
2660 832 2696 888 2
2756 839 2813 892 -1-
2868 832 3007 900 400,

721 933 902 992 3—9.
946 960 1029 971 —
1076 931 1158 999 Si,
1204 939 1270 989 ut
1300 931 1362 988 in
1392 930 1686 1007 exemplis
1716 929 2099 1008 praepositiS,
2146 930 2272 988 duo
2308 930 2687 1006 grammatici
2716 930 3007 989 omittunt

717 1049 878 1109 quae
922 1040 1047 1090 tres
1094 1033 1392 1108 praebent
1437 1032 1534 1089 uel
1581 1049 1761 1090 uersa
1800 1031 1956 1106 uice,
2000 1031 2186 1090 etiam
2230 1049 2307 1088 ex
2350 1032 2594 1090 silentio
2626 1030 2788 1092 haud
2834 1033 3005 1108 parui

717 1133 896 1211 pretii
938 1133 1206 1210 petimus
1245 1141 1629 1209 argumenta.

920 1234 1075 1294 Cum
1119 1219 1301 1311 ig'ritur
1343 1235 1406 1293 in
1465 1243 1557 1293 tot
1627 1235 1809 1294 rebus
1854 1234 2195 1293 Diomedes
2267 1243 2331 1293 et
2373 1235 2654 1294 Donatus
2720 1234 2877 1294 inter
2944 1252 3011 1294 se

721 1335 1175 1396 consentientes
1235 1355 1271 1394 a
1318 1335 1609 1406 CharisiO,
1663 1337 1986 1412 Anonymo
2031 1336 2343 1405 Bobiensi‚
2388 1335 2691 1395 Dositheo
2748 1345 2811 1394 et
2863 1335 3010 1411 ipsis

718 1437 877 1494 inter
918 1455 984 1496 se
1031 1436 1554 1496 consentientibus
1596 1437 1968 1513 discrepent,
2013 1438 2095 1495 ad
2141 1436 2345 1495 fontes
2390 1445 2453 1495 et
2494 1455 2636 1495 eum
2682 1455 2805 1513 quo
2838 1436 2917 1494 illi
2948 1445 3009 1495 et

727 1555 868 1595 eurn
910 1555 1033 1614 quo
1077 1537 1141 1594 hi
1160 1538 1252 1597 usi
1283 1545 1422 1596 sunt
1465 1537 1603 1596 illae
1648 1537 2031 1596 differentiae
2075 1536 2438 1595 referendae
2482 1545 2644 1595 sunt.
2713 1537 2795 1596 At
2827 1555 3009 1613 supra

723 1638 981 1715 exposui
1015 1637 1134 1696 hoc
1165 1645 1373 1714 caput,
1395 1637 1576 1714 quale
1604 1639 1773 1713 apud
1802 1655 2017 1696 omnes
2047 1638 2317 1715 quinque
2349 1637 2587 1713 legitur,
2634 1638 2737 1696 uni
2781 1638 3007 1696 eidem-

722 1757 841 1817 que
887 1739 1123 1797 auctori
1167 1739 1558 1798 tribuendum
1601 1755 1759 1797 esse.
1846 1737 2039 1809 Haec,
2100 1757 2258 1816 quae
2302 1738 2459 1797 inter
2502 1757 2569 1796 se
2604 1757 2877 1815 pugnare
2924 1739 3012 1797 ui-

725 1842 966 1917 dentur,
1009 1859 1086 1900 eo
1126 1849 1364 1901 tantum
1407 1842 1596 1899 modo
1643 1840 2052 1918 conciliamuS,
2076 1849 2166 1910 ‚ut
2208 1842 2363 1900 duas
2412 1841 2542 1899 illas
2573 1841 2799 1900 classes
2844 1841 3015 1900 coni-

725 1943 954 2001 ciamus
1025 1943 1266 2001 duabus
1336 1943 1618 2002 eiusdem
1683 1942 1828 2002 artis
1887 1942 2339 2002 recensionibus
2406 1960 2551 2006 usas
2616 1960 2770 2000 esse.
2855 1942 3015 2002 Nam

724 2053 1004 2102 neutram
1075 2044 1331 2103 classem
1376 2043 1682 2120 Anonymi
1727 2042 2056 2119 imaginem
2108 2043 2583 2120 inperturbatam
2628 2061 2909 2103 seruasse
2952 2053 3015 2101 et

727 2153 894 2203 recte
935 2163 1033 2202 me
1078 2145 1159 2201 de
1197 2129 1717 2204 ‘recensionibus'
1780 2144 2047 2204 locutum
2093 2162 2229 2203 esse
2273 2146 2727 2204 demonstratur
2768 2163 2844 2202 ex
2891 2164 3015 2204 una

727 2254 899 2322 parte
966 2244 1060 2317 (ut
1121 2263 1306 2303 unum
1373 2245 1718 2322 exemplum
1783 2241 2135 2322 adhibeam)
2196 2245 2297 2303 illa
2362 2246 2597 2304 ratione
2664 2228 2785 2323 qua
2850 2247 3013 2322 apud

732 2346 1078 2418 Charisium,
1124 2348 1511 2424 Anonymum
1557 2347 1947 2425 Bobiensem,
1998 2347 2362 2406 Dositheum
2406 2345 2643 2404 initium
2688 2347 2901 2423 capitis
2948 2355 3012 2405 et

730 2448 1028 2524 particula
1079 2450 1159 2506 de
1202 2447 1466 2507 nominis
1520 2448 1841 2526 speciebus
1903 2449 2204 2525 disposita
2259 2456 2375 2517 est,
2441 2465 2519 2505 ex
2578 2447 2771 2506 altera
2834 2457 3007 2523 parte

733 2549 983 2608 aliorum
1048 2551 1577 2626 grammaticoram
1644 2549 1997 2626 fragmentis
2064 2567 2225 2628 quae
2287 2550 2455 2625 apud
2514 2549 2881 2608 Diomedem
2950 2558 3015 2608 et

733 2650 1050 2710 Donatum
1093 2652 1322 2710 inserta
1365 2658 1706 2713 occurrunt.

924 2753 1052 2812 Iam
1096 2770 1206 2828 per
1247 2771 1312 2812 se
1357 2750 1484 2810 ueri
1527 2733 1718 2811 simile
1762 2759 1859 2810 est
1902 2751 2087 2811 etiam
2132 2750 2265 2809 illas
2308 2749 2699 2810 recensiones
2742 2768 2869 2810 non
2918 2752 3009 2810 in·

731 2862 996 2913 mutatas
1033 2853 1290 2912 traditas
1321 2871 1477 2914 esse.
1548 2853 1644 2910 De
1676 2851 1945 2930 Charisii,
1990 2852 2295 2930 Anonymi
2338 2852 2679 2921 Bobiensi8‚
2726 2851 3009 2912 Dosithei

733 2955 904 3013 fonte
950 2954 1252 3012 communi
1305 2955 1371 3013 id
1429 2954 1852 3013 demonstrare
1924 2970 2269 3030 possumus,
2362 2953 2539 3026 Quae
2603 2954 2685 3011 de
2752 2954 3013 3030 septimo

731 3073 878 3114 casu
921 3055 1298 3132 grammatici
1350 3057 1544 3114 nostri
1601 3055 1973 3132 scripserunt
2028 3056 2115 3114 eis
2171 3054 2552 3114 enuntiatum
2618 3055 3019 3132 praemittunt

732 3159 897 3233 quod
943 3165 1200 3234 uterque
1246 3158 1446 3217 editor
1489 3175 1601 3217 suo
1647 3160 1837 3217 modo
1876 3157 2291 3233 configurauiss
2334 3168 2401 3214 ut
2440 3175 2623 3234 supra
2666 3157 2809 3216 dixi.
2872 3156 3018 3214 Post

732 3259 851 3318 hoc
895 3260 1250 3336 Anonymus
1293 3257 1614 3317 Bobiensis
1659 3267 1721 3317 et
1765 3257 2098 3316 Dositheus
2130 3256 2514 3314 Palaemonis
2566 3255 3016 3332 expositionem

731 3361 812 3418 de
858 3360 1201 3418 differentia
1242 3359 1493 3418 ablatiui
1556 3367 1619 3417 et
1680 3359 1926 3437 septimi
1990 3375 2167 3417 casus
2240 3357 2569 3426 exhibent;
2638 3374 2797 3433 quae
2868 3374 3015 3416 uero

734 3460 1042 3521 Charisius
1085 3462 1168 3519 de
1213 3437 1433 3520 eadem
1479 3479 1542 3520 re
1585 3460 1880 3536 disputat,
1905 3467 1973 3518 ut
1994 3475 2177 3536 supra
2201 3458 2327 3517 dixi
2350 3453 2441 3535 (p.
2469 3459 2566 3518 16.
2596 3455 2717 3533 17),
2741 3458 2829 3516 ita
2873 3476 3021 3516 con-

736 3571 954 3639 parata
998 3570 1158 3632 sunt,
1204 3570 1273 3622 ut
1315 3562 1715 3622 Remmianae
1752 3561 2041 3620 dictionis
2088 3579 2169 3619 ne
2213 3559 2543 3635 uestigium
2599 3557 2852 3635 quidem
2910 3559 3019 3616 ob-

741 3671 1032 3723 seruetur.
1118 3665 1248 3722 Iam
1280 3662 1619 3721 Charisiurn
1661 3663 1861 3738 ipsum
1901 3661 2285 3720 Palaemonis
2329 3660 2519 3719 uerba
2566 3660 2629 3718 in
2673 3659 2844 3719 fonte
2889 3660 3017 3736 qui-

737 3767 882 3824 dem
924 3764 1164 3844 legisse,
1209 3766 1324 3824 sed
1370 3764 1793 3824 contrahendo
1825 3771 1889 3822 et
1915 3764 2215 3822 mutando
2263 3762 2327 3820 in
2365 3779 2504 3820 eam
2534 3779 2719 3836 quam
2768 3762 3025 3839 praebet

740 3866 996 3925 formam
1038 3865 1352 3939 redegisse
1397 3883 1580 3924 nemo
1622 3864 1884 3942 putabit.
1972 3864 2211 3922 Eadem
2256 3862 2643 3921 accuratione
2688 3863 2780 3920 usi
2824 3871 2887 3920 et
2921 3863 3019 3922 hic

739 3975 804 4025 et
845 3966 929 4024 illi
972 3967 1257 4026 librorum
1301 3983 1457 4043 quos
1501 3966 1565 4024 in
1607 3965 1887 4024 manibus
1939 3964 2251 4024 habebant
2297 3964 2490 4021 uerba
2545 3963 3020 4040 descripserunt.

739 4069 957 4144 Itaque
1002 4077 1110 4128 aut
1152 4069 1460 4143 exemplar
1502 4067 1680 4125 huius
1725 4066 2009 4124 editionis
2054 4083 2176 4142 quo
2220 4063 2527 4124 Charisius
2565 4074 2672 4123 aut
2711 4064 2859 4123 illud
2896 4081 3017 4140 quo

739 4173 1093 4247 Anonymus
1136 4168 1456 4227 Bobiensis
1501 4176 1566 4226 et
1606 4167 1941 4227 Dositheus
1984 4167 2079 4225 usi
2129 4175 2271 4226 sunt
2321 4166 2722 4224 redactricem
2774 4183 3020 4223 manum

739 4280 1057 4349 expertum
1111 4279 1223 4331 est.
1295 4270 1454 4328 Illud
1498 4286 1645 4327 uero
1689 4268 1937 4327 minime
1973 4267 2267 4327 credibile
2296 4275 2392 4326 est
2422 4267 2581 4324 hanc
2627 4265 3011 4324 Palaemonis

737 4372 1112 4450 particulam,
1159 4371 1354 4448 qualis
1397 4378 1549 4437 erat,
1587 4372 1663 4428 ab
1709 4369 1845 4445 ipso
1889 4371 2217 4445 Anonymo
2260 4368 2323 4426 in
2365 4368 2580 4425 librum
2604 4385 2781 4425 suum
2825 4376 3015 4425 trans-

738 4475 925 4534 latam
975 4491 1133 4533 esse.
1219 4472 1410 4532 Immo
1477 4488 1637 4550 quae
1695 4472 1864 4548 apud
1893 4491 1897 4496 ·
1924 4470 2255 4530 Charisium
2312 4470 2592 4545 leguntur
2646 4468 3015 4528 coniciemus
