3459 5217
1594 413 1947 465 -40-

820 591 1065 648 Deinde
1110 588 1386 647 tractabo
1432 587 1632 663 capita
1677 604 1839 662 quae
1882 588 2051 663 apud
2083 587 2420 647 Charisium
2450 597 2516 648 et
2544 589 2912 647 Dositheum

620 700 885 750 exstant.
977 691 1179 767 Caput
1223 689 1332 747 De
1377 688 1636 747 littera
1682 688 1989 747 Charisius
2042 683 2127 765 (p.
2155 690 2212 765 7,
2242 693 2465 762 7--11‚
2514 684 2577 768 7)
2624 699 2686 747 et
2730 690 2914 748 Dosi-

618 824 795 888 posita
833 828 991 871 esset.
1039 823 1175 872 Tum
1213 814 1456 870 ‘formae'
1515 821 1651 869 inter
1701 819 1994 869 accidentia
2029 818 2101 885 (p.
2130 819 2251 879 561,
2292 819 2385 887 25)
2422 836 2528 871 non
2564 822 2913 871 nominantur.

618 910 866 975 Denique
905 912 1066 961 uerba
1101 927 1152 975 p.
1192 908 1312 969 563,
1351 910 1400 959 4.
1441 908 1491 967 5,
1549 924 1683 974 quae
1736 908 1908 958 eidem
1956 914 2112 974 atque
2163 908 2403 958 definitio
2450 910 2585 960 fonti
2631 910 2914 960 tribuenda

621 1015 738 1049 esse
765 999 1024 1062 uidentur,
1058 1014 1166 1047 non
1204 998 1260 1047 in
1282 997 1471 1047 eodem
1497 996 1637 1046 libro
1663 1002 1819 1061 atque
1848 996 1943 1046 illa
1978 1012 2029 1061 p.
2070 996 2191 1063 561,
2232 995 2441 1048 19--22
2484 997 2661 1048 locum
2698 998 2914 1050 habent.

619 1088 748 1137 Inde
787 1104 817 1137 a
851 1103 901 1152 p.
926 1088 1047 1146 561,
1085 1086 1154 1137 23
1195 1086 1479 1152 disputatio
1518 1086 1658 1135 bene
1694 1084 1953 1150 procedit.
2027 1085 2374 1135 Proferuntur
2417 1085 2656 1136 definitio
2696 1092 2748 1135 et
2785 1088 2917 1136 acci-

621 1176 806 1227 dentia.
881 1176 964 1225 Ex
1001 1175 1086 1225 his
1125 1175 1348 1241 primum
1396 1174 1619 1240 qualitas
1657 1179 1906 1222 tractatur
1942 1173 2016 1239 (p.
2058 1171 2178 1232 561,
2219 1173 2472 1237 25-32).
2546 1175 2681 1223 Tum
2721 1190 2915 1237 genera

621 1270 987 1314 enumerantur
1023 1266 1093 1328 (p.
1115 1263 1234 1322 561,
1272 1264 1356 1313 32.
1383 1261 1491 1327 33).
1547 1264 1926 1329 Exspectamus
1966 1262 2077 1312 fore
2117 1268 2173 1311 ut
2209 1262 2417 1325 singula
2454 1263 2701 1328 deinceps
2730 1280 2919 1327 genera

623 1352 954 1404 definiantur.
1016 1352 1124 1402 Sed
1161 1352 1214 1401 in
1239 1350 1494 1417 particula
1531 1366 1664 1415 quae
1699 1350 1935 1415 sequitur
1974 1348 2045 1415 (p.
2070 1350 2191 1409 551,
2230 1350 2496 1417 33--562‚
2540 1352 2626 1415 18)
2668 1367 2695 1400 e
2733 1352 2916 1402 litteris

621 1442 814 1505 quibus
855 1456 1049 1503 genera
1084 1440 1421 1490 terminantur
1441 1438 1789 1487 ordinationis
1818 1438 1948 1488 ratio
1975 1438 2210 1487 sumitur.
2273 1439 2399 1488 Non
2438 1455 2502 1488 ex
2541 1440 2732 1489 eodem
2770 1441 2916 1491 fonte

617 1528 828 1579 fluxisse
864 1530 1030 1577 uerba
1071 1544 1202 1593 quae
1224 1528 1290 1577 ad
1312 1526 1676 1585 extremitateS,
1710 1542 1839 1591 quas
1880 1526 2063 1575 dicunt
2099 1526 2435 1588 grammatici,
2480 1534 2721 1592 spectant
2757 1535 2914 1593 atque

622 1634 684 1667 ea
720 1634 854 1684 quae
893 1616 1226 1667 definitiones
1263 1630 1508 1679 generum
1547 1614 1836 1679 continent,
1876 1631 1927 1679 p.
1959 1605 2080 1682 362,
2121 1614 2155 1666 8
2195 1616 2525 1680 perspicitur.
2583 1617 2721 1666 Nam
2751 1617 2917 1666 uerba

623 1706 942 1773 deponentia
977 1706 1032 1755 in
1067 1721 1119 1771 ο,
1172 1712 1229 1754 ut
1263 1720 1449 1769 ueneo,
1501 1703 1600 1753 hoc
1649 1702 1773 1753 loco
1831 1703 2274 1753 conmemoranda
2330 1719 2441 1753 non
2498 1710 2660 1753 erant.
2734 1706 2919 1769 Itaque

627 1795 931 1845 sumendum
991 1802 1072 1843 est
1122 1792 1456 1843 definitiones
1511 1807 1762 1855 generum
1794 1808 1840 1865 'e
1881 1792 2025 1841 fonte
2062 1792 2331 1857 primari0‚
2391 1793 2539 1842 cuius
2600 1794 2915 1843 enumeratio

625 1900 676 1949 p.
717 1883 837 1941 561,
877 1882 961 1933 32.
1001 1882 1066 1933 33
1107 1898 1314 1947 quoque
1351 1888 1446 1941 est,
1503 1880 1718 1930 haustas
1760 1896 1895 1939 esse,
1958 1880 2275 1944 quibuscum
2328 1881 2681 1949 contaminata
2718 1887 2798 1931 est
2837 1898 2913 1930 ex-

625 1972 821 2037 positio
879 1971 1168 2021 secundum
1220 1969 1572 2019 extremitates
1617 1969 1876 2018 ordinata.
1974 1968 2223 2033 Denique
2278 1984 2402 2017 num
2458 1985 2508 2034 p.
2552 1969 2671 2029 562,
2710 1970 2918 2021 21—29

625 2060 842 2125 pristina
889 2060 1056 2108 forma
1103 2063 1310 2108 seruata
1359 2058 1426 2105 sit
1481 2056 1640 2106 ualde
1679 2056 1881 2106 dubito,
1957 2052 2014 2106 Si
2052 2056 2229 2118 igitur
2267 2056 2407 2121 apud
2443 2056 2781 2121 Anonymum
2817 2059 2921 2107 Bo-

626 2150 867 2199 biensem
903 2163 1068 2212 aeque
1096 2162 1156 2195 ac
1182 2146 1478 2195 Charisium
1503 2144 1832 2211 conplurium
1872 2145 2324 2207 grammaticorum
2366 2145 2588 2207 uestigia
2624 2152 2920 2204 occurrunt,

630 2238 735 2287 hoc
772 2238 1004 2295 interest,
1064 2237 1208 2302 quod
1248 2234 1391 2298 apud
1427 2234 1566 2282 hunc
1603 2234 1929 2283 diuersorum
1969 2238 2222 2282 tractatus
2260 2233 2448 2296 integri
2484 2235 2739 2297 congesti,
2781 2235 2922 2299 apud

628 2326 782 2375 illum
821 2324 1154 2375 contaminati
1194 2328 1329 2374 sunt.
1385 2350 1456 2357 —
1511 2323 1639 2381 Iam,
1685 2322 1732 2371 si
1773 2328 2072 2371 nostrorum
2111 2322 2562 2384 grammaticorum
2600 2324 2764 2373 uerba
2800 2339 2921 2372 con-

631 2414 858 2473 ferimuS,
911 2413 1042 2464 haec
1090 2411 1368 2462 statuenda
1425 2416 1558 2462 sunt.
1634 2410 1871 2459 Primum
1910 2410 2177 2475 utriusque
2218 2410 2391 2460 fontes
2436 2411 2666 2475 primarii
2706 2427 2922 2462 consen-

627 2503 763 2552 tiunt
799 2504 935 2552 inter
973 2518 1064 2553 se:

865 2592 1066 2641 ChariS.
1113 2608 1164 2657 p.
1207 2588 1328 2655 164,
1371 2587 1575 2639 14-21
1692 2610 1755 2634 =
1795 2589 1975 2639 Anon.
2016 2588 2152 2637 Bob.
2202 2604 2253 2653 p.
2295 2586 2417 2655 561,
2458 2587 2688 2640 25—32.

1120 2716 1152 2738 ,‚
1213 2678 1330 2741 167,
1372 2674 1761 2737 23-168,1----
1871 2714 1903 2736 ,,
2070 2714 2101 2743 ,,
2211 2714 2241 2736 ,,
2302 2676 2424 2736 562,
2472 2676 2698 2729 19-20.

1122 2805 1154 2827 ,,
1217 2766 1335 2826 168,
1377 2766 1587 2819 13-18
1699 2788 1764 2813 =
1874 2804 1907 2826 „
1946 2762 1949 2765 ’
2070 2802 2099 2826 ,,
2214 2804 2243 2832 ,,
2304 2765 2428 2832 563,
2503 2766 2661 2817 2-5.

621 2857 848 2923 (ChariS.
888 2874 940 2921 p.
984 2855 1100 2915 168,
1145 2853 1208 2905 14
1246 2870 1326 2919 sq.
1366 2855 1442 2903 sic
1479 2855 1814 2905 scribendum
1853 2862 1955 2905 est:
1996 2854 2196 2919 ‘prima
2246 2860 2327 2903 est
2392 2852 2558 2922 [quae
2595 2855 2831 2920 loquitur
2866 2855 2923 2903 id

629 2944 728 3011 est]
789 2960 819 2993 a
857 2960 961 3009 qua
1011 2944 1217 3004 dicitur,
1273 2949 1332 2991 ut
1391 2943 1516 3005 lego
1578 2944 1828 3006 legimu53
1890 2944 2121 2992 secunda
2172 2952 2252 2994 est
2301 2942 2390 3008 [de
2442 2959 2547 3010 qua
2596 2944 2786 2992 dicitur
2849 2941 2923 3011 et]

629 3033 694 3082 ad
733 3048 885 3097 quam
923 3029 1244 3098 [personam]
1288 3029 1496 3091 dicitur,
1551 3038 1608 3081 ut
1647 3032 1781 3081 dicis
1822 3031 2024 3090 dicitis;
2067 3031 2215 3081 tertia
2254 3038 2335 3081 est
2374 3032 2441 3080 de
2482 3047 2585 3096 qua
2623 3031 2812 3082 dicitur
2849 3032 2928 3098 [et

631 3122 698 3171 ad
738 3138 891 3187 quam
929 3138 1204 3186 personam
1257 3120 1490 3189 dicitur],
1554 3130 1612 3171 ut
1651 3122 1781 3171 dixit
1828 3121 2117 3180 dixerunt'3
2178 3122 2417 3172 similiter
2452 3121 2622 3185 Uhlig
2661 3122 2727 3171 ad
2767 3122 2923 3171 Dion·

633 3211 758 3261 Thr.
799 3226 850 3275 p.
889 3209 996 3273 64).
1071 3210 1313 3275 Denique
1335 3210 1606 3260 Charisius
1643 3227 1694 3276 p.
1736 3211 1853 3275 168,
1892 3210 1945 3262 2.
1986 3210 2017 3261 3
2056 3217 2257 3275 septem
2294 3210 2480 3260 modos
2522 3216 2805 3269 enumerat,
2846 3217 2926 3259 to-

632 3298 792 3348 tidem
831 3302 1141 3363 Anonymus
1181 3298 1459 3370 Bobiensis
1501 3316 1553 3365 p.
1593 3298 1712 3360 562,
1756 3298 1968 3351 34-37
2004 3299 2231 3349 exhibet.
2306 3300 2441 3347 Tum
2482 3298 2803 3348 definiuntur
2836 3316 2927 3362 ge-

628 3403 752 3436 nera
775 3387 926 3436 uerbi
959 3388 1099 3453 apud
1117 3391 1458 3452 Anonymum
1483 3387 1809 3437 Bobiensem
1834 3388 2005 3437 isdem
2030 3387 2208 3436 uerbis
2237 3392 2393 3451 atque
2434 3387 2575 3451 apud
2614 3402 2731 3435 eum
2752 3394 2924 3437 aucto·

629 3491 734 3525 rem
784 3491 941 3541 quem
979 3475 1245 3524 Charisius
1281 3491 1332 3540 p.
1376 3473 1492 3534 164,
1533 3474 1797 3535 27—165,
1838 3476 1907 3527 32
1943 3476 2179 3525 tradidit:

830 3562 1033 3614 ChariS.
1072 3580 1122 3629 p.
1168 3564 1286 3624 164,
1323 3564 1409 3615 28.
1448 3563 1521 3615 29
1808 3585 1876 3609 =
1913 3568 2091 3616 Anon.
2128 3564 2266 3615 Bob.
2302 3579 2356 3629 p.
2396 3562 2520 3627 561,
2556 3563 2625 3615 25

1075 3689 1109 3718 ,,
1162 3650 1282 3714 165,
1320 3649 1348 3703 l
2166 3690 2197 3717 ‚,
2305 3690 2337 3712 „
2396 3653 2518 3712 561,
2559 3650 2627 3703 36

931 3775 962 3799 ,,
1074 3776 1104 3799 ,,
1167 3739 1286 3801 165,
1323 3738 1602 3798 5--7-1-11
2304 3778 2337 3800 ,,
2398 3740 2525 3807 562,
2570 3740 2771 3793 10-13

933 3866 964 3893 ,,
1078 3868 1109 3895 ,,
1164 3828 1282 3888 165,
1323 3826 1534 3880 12-14
1984 3864 2016 3888 ,,
2163 3865 2195 3887 ,,
2310 3868 2342 3895 ,,
2397 3828 2519 3889 561,
2559 3828 2772 3881 37-39

1075 3956 1106 3983 ,,
1160 3916 1869 3983 165,19—21÷25-27=
1980 3954 2012 3976 „
2158 3954 2190 3984 ,‚
2308 3956 2339 3982 ‚,
2393 3916 2515 3977 502,
2554 3918 2731 3969 5-10

631 4004 883 4053 Formula
904 4020 1056 4069 quam
1082 4012 1344 4071 postremo
1384 4005 1506 4056 loco
1532 4009 1844 4071 Anonymus
1880 4005 2161 4055 Bobiensis
2204 4006 2419 4055 exhibet
2458 4006 2599 4072 apud
2630 4006 2927 4057 Charisium

632 4108 686 4157 p.
731 4092 850 4151 165,
887 4094 1025 4143 5--7
1065 4094 1297 4145 recurrit.
1371 4094 1478 4144 Sed
1521 4108 1813 4143 consensus
1865 4094 1955 4159 qui
1992 4094 2130 4142 inter
2167 4101 2375 4143 nostros
2412 4094 2468 4142 in
2508 4095 2606 4143 hac
2642 4102 2789 4160 parte
2830 4096 2925 4144 ob-

635 4187 873 4230 seruatur
911 4181 1024 4231 eius
1061 4184 1207 4233 modi
1244 4189 1341 4242 est,
1383 4190 1440 4231 ut
1475 4198 1606 4231 non
1654 4198 1717 4232 ex
1769 4183 1958 4232 eodem
1994 4183 2167 4232 libro
2218 4183 2313 4232 illa
2364 4184 2525 4234 uerba
2562 4200 2654 4233 eos
2692 4183 2923 4249 descrip-

635 4269 767 4319 sisse
808 4270 1068 4335 adpareat.
1125 4272 1182 4321 Si
1221 4272 1360 4320 ultra
1396 4286 1700 4321 conaremur
1736 4288 1830 4337 per
1866 4271 2295 4322 ratiocinationes
2318 4272 2586 4337 progredi,
2614 4271 2669 4319 in
2706 4272 2917 4321 lubrico

635 4373 969 4410 uersaremur.
1043 4358 1292 4408 Dosithei
1331 4364 1486 4423 caput
1540 4360 1862 4409 decurtatum
1918 4374 2037 4408 esse
2073 4360 2306 4424 adparet,
2346 4360 2457 4409 siue
2495 4360 2551 4408 id
2590 4358 2925 4408 librariorum

635 4446 834 4496 incuria
885 4447 999 4497 siue
1048 4447 1247 4497 codicis
1293 4446 1619 4498 mutilatione
1659 4448 1852 4498 factum
1892 4459 1986 4501 est.
2059 4449 2275 4499 Desunt
2314 4447 2548 4498 definitio
2584 4447 2751 4511 uerbi,
2805 4464 2928 4497 enu-
