3459 5217
1483 470 1838 523 ..35-

512 664 572 721 p.
600 645 739 718 389,
771 642 1083 718 19—391,
1111 644 1210 703 24.
1298 641 1633 700 Diomedes
1661 643 1915 718 primam
1948 641 2163 718 capitis
2192 651 2431 718 partem
2462 661 2533 702 ex
2581 645 2807 703 eodem

515 763 590 803 ac
633 745 918 802 Donatus
965 744 1136 802 fonte
1182 745 1469 820 sumpsit:

713 845 914 902 Diom.
959 863 1017 920 p.
1065 847 1207 922 408,
1255 845 1561 920 27-409,
1609 848 1648 905 4
1691 868 1777 894 =
1819 845 1982 907 Don.
2028 862 2085 921 p.
2131 847 2272 918 389,
2320 847 2558 906 20-31

812 990 849 1019 ,,
967 991 1004 1024 ,,
1069 947 1211 1018 409,
1257 949 1314 1006 4.
1361 936 1430 1006 5'
1888 992 1924 1024 ,‚
2056 993 2093 1025 ,‚
2139 949 2280 1022 390,
2329 951 2362 1008 1

811 1092 846 1125 „
963 1090 1000 1120 ‚‚
1070 1047 1210 1120 409,
1260 1049 1422 1106 5-8
1887 1092 1927 1124 ‚,
2056 1091 2091 1124 ‚‚
2136 1049 2279 1117 391,
2326 1051 2573 1109 20—24

965 1193 1000 1226 ‚‚
1067 1147 1212 1224 409,
1257 1147 1462 1206 9—12
1888 1191 1924 1224 ‚‚
2053 1193 2089 1226 ‚,
2137 1149 2279 1217 391,
2328 1150 2576 1209 16-20

963 1293 999 1326 ,,
1065 1249 1210 1316 409,
1259 1247 1356 1306 13.
1408 1249 1483 1305 14
1886 1292 1922 1324 ,,
2055 1293 2091 1326 ,,
2140 1251 2279 1323 391,
2331 1252 2575 1311 12--14

811 1194 847 1227 77

813 1294 847 1326 22

1694 1372 1780 1400 ΙΙ
1691 1270 1778 1296 11
1694 1169 1781 1196 Η
1694 1068 1780 1094 ΙΙ
1695 970 1781 996 ΙΙ

693 1430 706 1442 ·
804 1395 849 1428 .‚‚
966 1395 1002 1428 ‚,
1070 1350 1210 1422 409,
1261 1349 1504 1409 15—19
1858 1377 1927 1428 ·„
2058 1395 2095 1430 ‚,
2143 1352 2285 1420 391,
2335 1354 2597 1412 14—16.

517 1452 698 1525 Quae
742 1458 1034 1509 secuntur
1063 1468 1098 1507 e
1129 1448 1496 1507 Cominiano
1529 1449 1867 1507 Diomedes
1904 1449 2105 1508 hausit
2146 1445 2248 1528 (cf.
2280 1450 2512 1512 ChariS.
2542 1471 2605 1528 p.
2635 1448 2804 1528 230).

716 1552 918 1628 Caput
965 1552 1268 1609 decimum
1314 1558 1594 1626 quartum
1626 1550 1859 1608 Donati
1888 1559 1983 1609 est
2014 1552 2119 1609 De
2166 1552 2701 1611 interiectione
2745 1572 2803 1628 p.

513 1656 654 1724 391,
688 1654 996 1721 26-392,
1045 1654 1100 1720 3,
1151 1669 1414 1727 quocum
1457 1653 1584 1710 duo
1628 1653 1945 1711 enuntiata
1990 1652 2309 1711 Diomedis
2354 1655 2774 1713 consentiunt:

711 1754 913 1813 Diom.
957 1772 1016 1829 p.
1062 1755 1205 1823 419,
1257 1755 1352 1812 14.
1402 1756 1478 1812 15
1523 1775 1608 1802 =
1652 1752 1814 1815 Don.
1860 1770 1919 1830 Ρ.
1969 1756 2108 1828 391,
2155 1756 2464 1825 30-392,
2510 1760 2545 1814 2

969 1897 1006 1924 „
1065 1856 1207 1924 419,
1257 1857 1609 1914 19—21=
1720 1897 1757 1924 „
1872 1899 1903 1925 „
1964 1855 2107 1926 391,
2156 1857 2421 1916 28—30.

712 1957 1035 2030 Quatenus
1082 1955 1228 2012 mihi
1271 1974 1731 2032 proposueram,
1791 1957 2021 2015 contuli
2079 1959 2295 2033 quibus
2335 1959 2607 2033 partibus
2656 1959 2805 2016 Dio-

512 2060 726 2116 medes
775 2066 838 2115 et
882 2057 1168 2114 Donatus
1224 2056 1380 2114 inter
1435 2075 1502 2114 se
1559 2058 1907 2118 concinant.
1995 2057 2226 2116 Omnes
2290 2061 2421 2117 illas
2482 2061 2805 2135 particulas

513 2179 588 2218 ex
646 2178 770 2217 uno
825 2159 1176 2233 eodemque
1231 2157 1422 2227 fonte,
1489 2160 1526 2220 i.
1574 2179 1628 2218 e.
1677 2179 1713 2216 e
1760 2161 2123 2218 recensione
2166 2160 2488 2235 Anonymi,
2554 2161 2804 2220 haustas

513 2279 651 2318 esse
695 2279 822 2317 non
865 2279 987 2318 uno
1032 2261 1170 2317 loco
1213 2261 1359 2317 mihi
1403 2261 1651 2340 sumpsi,
1721 2277 1845 2336 quo
1886 2261 2135 2319 breuius
2180 2269 2243 2320 et
2286 2262 2549 2337 apertius
2596 2263 2805 2338 dispu-

512 2371 643 2421 tare
703 2362 929 2421 liceret.
1019 2360 1221 2433 Quam
1282 2363 1650 2419 sententiam
1709 2380 1919 2420 ueram
1977 2380 2115 2420 esse
2168 2363 2289 2421 iam
2342 2381 2507 2420 nunc
2552 2364 2805 2421 demon-

512 2465 828 2521 strandum
889 2471 1004 2524 est.
1087 2461 1274 2520 Simili
1329 2463 1671 2521 disserendi
1728 2463 1965 2521 ratione
2024 2471 2089 2520 et
2146 2463 2319 2520 simili
2364 2463 2633 2520 dictione
2676 2465 2804 2521 illas

511 2565 836 2639 particulas
885 2563 1258 2640 conscriptas
1310 2581 1445 2622 esse
1490 2582 1650 2640 quae
1695 2563 1985 2622 Diomedi
2033 2573 2097 2623 et
2141 2564 2391 2623 Donato
2448 2581 2803 2622 communes

513 2674 671 2734 sunt,
720 2664 842 2722 hoc
883 2673 1244 2740 argumento
1289 2684 1416 2723 non
1460 2674 1617 2726 utor.
1705 2665 1899 2724 Nimis
1927 2665 2220 2724 lubricum
2254 2667 2321 2724 id
2350 2684 2489 2724 esse
2520 2669 2800 2742 adparet.

513 2768 718 2842 Atque
762 2784 826 2822 re
865 2784 1011 2824 uera
1059 2768 1285 2824 eodem
1329 2776 1691 2842 argumento
1737 2769 1828 2825 usi
1874 2768 1974 2825 alii
2026 2769 2316 2844 conplura
2360 2768 2581 2844 capita,
2648 2787 2803 2844 quae

512 2887 632 2944 ego
676 2868 1000 2941 Anonymo
1048 2867 1268 2942 tribu0,
1330 2869 1429 2926 alii
1474 2869 1710 2927 auctori
1770 2869 2252 2930 uindicauerunt.
2341 2867 2559 2943 Neque
2607 2870 2803 2927 minus

511 2971 770 3027 alterum
813 2969 1070 3043 repudio
1140 2986 1267 3026 non
1309 2969 1502 3027 solum
1545 2970 1658 3027 illis
1705 2969 2007 3046 capitibus
2049 2988 2351 3046 nusquam
2390 2969 2601 3026 doceri
2644 2987 2803 3045 quae

510 3073 668 3130 inter
725 3089 794 3128 se
854 3079 1152 3147 pugnent,
1219 3073 1333 3129 sed
1397 3072 1582 3129 etiam
1643 3071 1989 3129 doctrinam
2043 3070 2285 3128 alterius
2339 3070 2553 3146 capitis
2614 3087 2801 3146 saepe

510 3175 596 3231 ita
639 3173 1086 3230 conformatam
1135 3189 1294 3247 esse,
1343 3181 1408 3230 ut
1455 3173 1702 3230 alterius
1748 3173 2140 3248 respondeat.
2216 3170 2386 3228 -Nam
2415 3171 2530 3228 hac
2556 3188 2803 3248 quoque

511 3293 574 3332 re
618 3293 746 3331 non
791 3275 1245 3332 demonstratur
1289 3292 1366 3331 ex
1412 3292 1536 3331 uno
1582 3275 1733 3332 libro
1781 3292 1889 3332 eas
1930 3273 2257 3349 particulas
2314 3281 2587 3349 sumptas
2647 3291 2801 3332 esse.

509 3376 681 3433 Idem
727 3376 913 3434 etiam
958 3383 1083 3432 tum
1129 3374 1404 3444 efficitur,
1481 3395 1620 3433 cum
1679 3375 1906 3434 diuersi
1949 3374 2324 3450 grammatici
2374 3374 2651 3432 eiusdem
2696 3391 2805 3430 au·-

513 3478 694 3533 ctoris
739 3476 1058 3534 doctrinae
1105 3494 1170 3534 se
1213 3477 1695 3551 adplicauerunt.
1785 3478 1918 3536 Etsi
1961 3476 2141 3550 igitur
2189 3494 2265 3532 ex
2308 3475 2425 3533 hac
2477 3484 2649 3551 parte
2696 3477 2806 3532 de-

515 3579 834 3636 monstrari
894 3597 1019 3636 non
1079 3585 1288 3653 potest
1344 3579 1513 3653 quod
1556 3580 1702 3637 mihi
1757 3577 2141 3655 propositum
2186 3584 2298 3650 est,
2368 3585 2574 3634 tamen
2619 3578 2803 3634 etiam

515 3678 880 3735 contrarium
924 3679 1071 3737 inde
1116 3696 1242 3736 non
1287 3679 1449 3736 effici
1489 3682 1821 3740 contendo,
1903 3680 2099 3737 Aliam
2137 3677 2298 3736 uiam
2330 3677 2803 3736 confirmationis

513 3776 837 3851 ingredior.
926 3779 1018 3836 Ac
1075 3781 1335 3854 primum
1391 3781 1640 3855 quidem
1697 3789 1988 3856 quattuor
2043 3780 2245 3854 capita
2308 3778 2649 3854 inuenimus
2698 3772 2804 3853 (de

518 3877 734 3954 littera,
780 3879 862 3935 de
903 3880 1150 3955 syllaba,
1198 3883 1278 3939 de
1309 3882 1678 3951 accentibus,
1725 3882 1807 3938 de
1837 3879 2129 3955 nomine),
2176 3880 2393 3956 quibus
2428 3897 2467 3936 a
2496 3878 2801 3936 Diomede

515 3988 580 4036 et
624 3979 874 4037 Donato
935 3981 1144 4055 paucis
1211 3983 1412 4040 uerbis
1479 3983 1755 4059 exceptis
1813 3982 1998 4058 plane
2062 3983 2283 4038 eadem
2348 3980 2576 4038 tradita
2640 3988 2801 4038 sunt.

511 4081 730 4156 Itaque
775 4080 840 4136 id
885 4082 1132 4155 quidem
1179 4091 1411 4141 certum
1457 4092 1550 4141 est
1595 4083 1834 4158 singula
1886 4084 1987 4140 illa
2045 4083 2247 4157 capita
2304 4082 2381 4139 ab
2426 4089 2682 4157 utroque
2727 4071 2802 4136 ex

511 4183 732 4240 eodem
779 4182 932 4239 libro
981 4184 1284 4259 descripta
1332 4203 1490 4244 esse.
1579 4182 1738 4241 Nam
1786 4183 2069 4241 diuersos
2125 4201 2233 4240 eos
2281 4183 2482 4239 fontes
2528 4182 2799 4256 conpila-

509 4284 671 4341 uissc
717 4293 778 4341 et
829 4283 1076 4358 quidem
1120 4287 1204 4343 ita
1267 4294 1332 4343 ut
1397 4305 1468 4345 ex
1515 4302 1890 4361 unoquoque
1934 4286 2157 4342 cadem
2200 4290 2510 4340 sumerent
2553 4299 2592 4338 a
2643 4283 2806 4339 simi-

511 4385 765 4443 litudine
811 4385 944 4442 ueri
988 4385 1285 4447 abhorret.
1375 4388 1534 4445 Tum
1581 4387 1629 4445 si
1673 4388 1735 4445 in
1776 4387 1906 4462 ipsa
1937 4386 2167 4443 Donati
2209 4386 2397 4442 uerba
2427 4383 2803 4459 inquirimuS‚

512 4503 810 4562 nusquam
861 4487 1396 4546 contaminationis
1442 4489 1520 4546 ab
1567 4490 1699 4564 ipso
1747 4488 1948 4545 factae
1978 4487 2237 4560 uestigia
2264 4492 2607 4544 occurrunt.
2680 4484 2802 4543 Ita-
