3459 5217
1534 487 1883 539 ...49-

551 661 894 721 auctoribus
941 680 1094 739 quos
1138 662 1352 721 laudat
1395 670 1458 719 et
1501 678 1653 737 quos
1681 661 2015 737 praecipue
2056 660 2119 717 in
2158 677 2332 717 usum
2377 659 2631 717 uocauit
2676 656 2837 717 Cha-

553 762 743 833 risiuS,
810 765 891 822 illi
934 765 1049 822 soli
1089 763 1268 821 tribui
1319 770 1579 839 possunt
1593 758 1637 821 1.
1748 760 1901 819 Cum
1969 778 2118 818 uero
2162 760 2299 817 fons
2345 778 2419 818 ex
2463 778 2586 836 quo
2630 778 2829 835 gram-

549 864 756 920 matici
797 864 900 922 illa
944 865 1145 940 capita
1189 864 1518 922 hauserunt
1559 861 1911 919 uetustioris
1963 861 2107 919 artis
2165 861 2442 918 recensio
2488 862 2585 931 sit,
2641 862 2727 919 ita
2774 866 2839 917 ut

553 964 1007 1023 diasceuastam
1037 965 1414 1039 conplurium
1444 972 1757 1021 auctorum
1786 963 1995 1038 copias
2040 962 2379 1037 conpilasse
2411 962 2663 1037 cogitari
2706 980 2834 1019 non

550 1066 763 1136 possit,
812 1066 898 1123 sic
950 1082 1076 1122 rem
1125 1063 1612 1140 diiudicabimuS‚
1659 1071 1728 1120 ut
1769 1071 1969 1119 utrum
2012 1070 2204 1119 artem
2247 1062 2407 1118 illam
2449 1061 2849 1119 Cominianus

550 1166 978 1241 conscripserit
1041 1182 1239 1222 necne
1305 1164 1694 1238 inquiramus,
1808 1163 1870 1221 Si
1933 1181 2078 1231 non,
2147 1163 2333 1220 etiam
2402 1162 2710 1231 efficietur,
2777 1171 2844 1219 ut

550 1264 653 1321 illa
701 1266 916 1340 capita,
961 1268 1042 1324 de
1089 1265 1307 1340 quibus
1352 1265 1634 1341 quaestio
1679 1272 1794 1333 est,
1839 1265 1900 1322 ei
1944 1264 2269 1321 tribuenda
2314 1280 2439 1321 non
2484 1264 2619 1323 sint.
2718 1262 2849 1320 Iam

553 1372 746 1421 artem
788 1365 952 1423 illam
1017 1382 1200 1441 quam
1263 1365 1632 1423 restituimus
1678 1363 2019 1423 Cominiani
2056 1381 2182 1421 non
2230 1380 2365 1421 esse
2434 1362 2611 1421 facile
2659 1382 2737 1420 ea
2778 1381 2843 1419 re

552 1466 1029 1539 demonstratur,
1083 1468 1252 1541 quod
1298 1484 1425 1524 non
1469 1466 1659 1525 semel
1705 1468 1787 1525 de
1833 1468 2055 1524 eadem
2099 1465 2352 1525 materia
2395 1473 2458 1523 et
2502 1465 2645 1523 artis
2695 1483 2841 1522 ano-

553 1582 772 1639 nymae
816 1574 880 1623 et
910 1565 1250 1625 Cominiani
1295 1575 1480 1642 caput
1540 1568 1604 1623 in
1644 1584 1822 1625 usum
1867 1575 2157 1625 uocatum
2204 1573 2301 1623 est
2341 1567 2418 1623 ab
2463 1566 2688 1623 eodem
2737 1582 2842 1623 au-

557 1672 742 1723 ctore.
815 1665 1080 1725 Primum
1111 1667 1175 1725 in
1203 1668 1400 1744 capite
1429 1670 1509 1725 de
1531 1668 1797 1726 ablatiuo
1829 1685 1976 1725 casu
2001 1666 2304 1726 Charisius
2337 1660 2393 1741 (l.
2418 1665 2447 1722 I
2471 1684 2602 1742 cap.
2620 1662 2845 1741 XVIII)

552 1765 754 1839 priore
796 1766 935 1825 loco
983 1766 1410 1826 Cominianum
1445 1768 1785 1842 posteriore
1830 1768 2215 1843 Anonymum
2262 1768 2597 1842 exscripsit.
2684 1766 2847 1823 Tum

552 1863 888 1924 Diomedes
961 1868 1041 1926 de
1087 1868 1616 1943 coniugationibus
1660 1868 1986 1927 uerborum
2052 1888 2111 1944 p.
2162 1870 2301 1944 346,
2346 1871 2653 1937 31—347‚
2700 1870 2735 1927 2
2783 1876 2847 1925 et

551 1985 609 2042 p.
657 1970 799 2039 347,
848 1971 924 2027 37
977 1986 1068 2045 sq.
1117 1970 1462 2029 Cominiani
1505 1972 1769 2046 uestigia
1810 1972 2032 2046 pressit
2076 1968 2175 2043 (cf.
2224 1969 2452 2029 Charis,
2510 1969 2547 2028 1.
2589 1968 2662 2027 H.
2710 1985 2843 2042 cap.

549 2066 654 2127 XI.
702 2086 761 2143 p.
808 2070 926 2128 175
972 2064 1110 2148 sq.),
1156 2089 1214 2146 p.
1259 2075 1395 2142 346,
1441 2074 1644 2131 3-36
1689 2073 2079 2147 Anonymum
2121 2079 2365 2130 secutus
2410 2078 2504 2127 est
2546 2067 2649 2143 (cf.
2680 2069 2843 2129 Don.

550 2184 611 2242 p.
637 2170 779 2237 382,
826 2168 1116 2248 10—34).
1204 2172 1488 2249 Denique
1532 2174 1596 2230 in
1641 2174 1841 2249 capite
1889 2174 1969 2230 de
2007 2173 2463 2249 praepositione
2505 2171 2843 2228 Diomedes

549 2286 611 2359 p.
659 2271 802 2339 408,
869 2273 1176 2341 30—409,
1228 2275 1262 2331 2
1331 2275 1656 2348 Anonymo
1721 2281 1972 2332 auctore
2036 2274 2201 2331 idem
2262 2279 2484 2331 tractat
2528 2268 2634 2347 (cf.
2680 2269 2843 2331 Don.

551 2387 608 2444 p.
652 2372 794 2438 389,
843 2368 1115 2453 24-29)
1162 2376 1334 2451 quod
1372 2393 1433 2450 p.
1479 2379 1622 2454 409,
1671 2377 1915 2436 24—29
1966 2375 2394 2434 Cominianum
2446 2382 2693 2431 secutus
2734 2366 2840 2451 (cf.

553 2470 784 2533 ChariS.
832 2493 890 2550 p.
937 2477 1077 2545 230,
1125 2473 1332 2552 6—9).
1433 2476 1647 2552 Itaque
1703 2479 2185 2536 demonstratum
2228 2484 2321 2533 e'st
2365 2477 2537 2551 quod
2582 2477 2836 2531 demon-

553 2574 870 2631 strandum
929 2584 1060 2633 erat
1119 2577 1306 2635 etiam
1351 2574 1779 2637 Cominianum
1820 2585 2095 2636 nostram
2161 2584 2353 2634 artem
2418 2593 2545 2636 non
2611 2592 2843 2649 conpo-

553 2674 770 2735 suisse.
859 2675 1008 2734 Eius
1052 2685 1268 2736 auctor
1307 2696 1374 2735 re
1424 2695 1571 2735 uera
1613 2679 1971 2753 Anonymus
2018 2686 2129 2736 est.

747 2775 876 2833 Iam
936 2778 1556 2835 animaduertendum
1624 2786 1720 2835 est
1784 2786 2165 2854 quantopere
2208 2778 2560 2850 Anonymus
2606 2784 2671 2832 et
2718 2774 2839 2833 Co·

553 2874 852 2931 minianus
917 2886 1272 2952 congruant.
1357 2879 1428 2935 In
1479 2879 1682 2953 primis
1740 2878 1803 2935 in
1856 2880 2057 2954 capite
2125 2880 2205 2936 de
2252 2877 2706 2953 praepositione
2774 2878 2839 2934 id

555 2974 773 3033 elucet.
861 2973 1176 3052 Conpares
1220 2978 1406 3036 haec:

431 3070 634 3123 Comin.
687 3089 768 3139 ap.
827 3073 1024 3127 ChariS.
1081 3075 1284 3127 Comin.
1347 3093 1430 3142 ap.
1491 3077 1670 3126 Diom.
1727 3076 1903 3127 Anon.
1944 3091 2025 3141 ap.
2063 3076 2241 3125 Diom.
2267 3092 2321 3141 p.
2374 3076 2553 3128 Anon.
2597 3093 2679 3142 ap.
2717 3082 2857 3133 Don.
2913 3103 2965 3151 p.

525 3176 577 3226 p.
615 3160 740 3227 230,
775 3160 918 3214 6—9
1149 3181 1200 3230 p.
1239 3162 1360 3227 409,
1394 3162 1606 3217 24—29
1772 3163 1895 3223 408,
1933 3164 2198 3231 30—409,
2239 3164 2271 3213 2
2490 3163 2612 3233 389,
2650 3169 2863 3225 24—29

430 3250 845 3314 praepositiones
941 3258 1026 3301 aut
1078 3253 1487 3318 praepositiones
1585 3261 1673 3302 aut
1726 3252 2144 3317 praepositiones
2218 3258 2320 3301 tam
2373 3257 2789 3320 praepositiones
2882 3269 2968 3311 aut

432 3338 643 3386 casibus

434 3426 670 3475 seruiunt
706 3434 794 3477 aut

435 3509 701 3575 loquellis,

433 4057 568 4107 quae
638 4044 850 4093 casibus

1078 3341 1287 3391 casibus
1314 3341 1672 3391 tantummodo
1725 3340 1930 3389 casibus
2373 3344 2584 3393 casibus

1080 3431 1316 3479 seruiunt
1388 3436 1478 3479 aut
1543 3430 1671 3479 solis
1726 3429 1957 3478 seruiunt
1996 3443 2149 3493 quam
2374 3432 2607 3482 seruiunt
2645 3443 2735 3485 aut

1078 3518 1332 3584 loquellis
1388 3526 1476 3569 aut
1522 3520 1672 3568 utris·
1723 3516 1975 3582 loquellis
2003 3522 2092 3566 aut
2116 3516 2322 3581 loquel-
2370 3518 2616 3585 loquellis
2653 3529 2740 3572 aut
2759 3526 2965 3575 casibus

1079 3620 1183 3669 que
1221 3606 1578 3657 communiter.
1723 3605 1791 3655 lis
1829 3611 1881 3653 et
1932 3605 2163 3665 casibuS‚
2201 3621 2321 3654 con·
2373 3614 2426 3656 et
2480 3609 2747 3675 loquellis.
2800 3629 2965 3680 aeque

1722 3693 2005 3756 iunguntur
2043 3694 2184 3744 enim
2233 3700 2321 3743 aut
2374 3702 2463 3745 aut
2581 3700 2967 3764 coniunguntur

1723 3790 2023 3847 separantur
2058 3790 2147 3833 aut
2171 3798 2321 3849 sepa·
2374 3790 2463 3833 aut
2529 3796 2829 3852 separantur
2877 3798 2965 3841 aut

1723 3877 1899 3919 rantur
1925 3879 1978 3921 et
2008 3872 2320 3935 coniungun·
2375 3878 2428 3920 et
2481 3876 2867 3939 coniunguntur
2910 3886 2964 3928 et

1647 3996 1654 4003 .
1725 3963 1825 4009 tur.
2375 3971 2696 4028 separantur.

926 4062 1026 4094 ser·
1079 4046 1292 4096 casibus
1330 4052 1528 4096 tantum
1569 4062 1674 4096 ser·

431 4130 602 4197 aiunt,
643 4133 781 4196 apud
842 4149 1025 4201 peneS,
1079 4134 1242 4202 uiunt,
1264 4143 1321 4185 ut
1334 4135 1472 4201 apud
1486 4151 1670 4202 pene5‚

433 4219 571 4283 apud
621 4235 720 4268 nos
757 4237 917 4286 penes
959 4230 1024 4273 te.
1080 4231 1199 4273 sunt
1244 4224 1375 4273 aliae
1413 4239 1548 4289 quae
1584 4223 1673 4273 ha-

1080 4326 1193 4361 rum
1224 4310 1554 4360 inueniuntur
1591 4326 1673 4359 ex-

1083 4398 1277 4465 emp10.

1420 4482 1436 4497 ὁ

754 4534 773 4571 ¹
811 4538 890 4590 Cf.
928 4538 1116 4590 Christ.
1155 4538 1346 4591 Philol.
1385 4539 1582 4589 XVIII
1620 4555 1670 4604 p.
1714 4538 1833 4589 139.
