3459 5217
1643 473 1995 530 -30-

682 653 900 726 elucet,
969 653 1152 712 etiam
1213 669 1290 711 ea
1352 667 1512 728 quae
1569 650 1770 712 Diom.
1826 667 1884 728 p.
1933 649 2075 729 306,
2146 649 2347 710 5-35
2395 649 2688 723 leguntur.
2787 645 2968 704 Hanc

678 756 1034 832 particulam
1078 756 1159 814 ibi
1201 755 1509 832 propriam
1553 753 1770 812 sedem
1815 769 1942 810 non
1988 759 2197 810 tenere
2240 749 2345 806 ubi
2389 749 2555 824 apud
2599 745 2966 806 Diomedem

680 864 883 915 exstat
929 855 1105 915 facile
1146 856 1583 931 intellegemus,
1649 855 1698 912 si
1744 852 2209 928 dispositionem
2272 851 2490 927 capitis
2552 848 2962 925 inspiciamus,

684 955 918 1015 Ordine
961 957 1351 1033 alphabetico
1395 954 1812 1014 extremitates
1868 953 2119 1012 ablatiui
2170 951 2483 1028 singularis
2546 956 2967 1026 proponuntur

685 1067 748 1116 et
791 1059 1108 1133 quomodo
1154 1075 1232 1115 ex
1273 1073 1642 1132 unaquaque
1684 1055 1931 1131 pluralis
1974 1054 2210 1112 numeri
2252 1069 2432 1111 casus
2488 1050 2789 1110 formandi
2846 1051 2966 1108 sint

678 1158 952 1220 docetur.
1037 1158 1100 1216 Si
1143 1159 1322 1234 igitur
1357 1159 1420 1216 in
1448 1157 1607 1216 hanc
1634 1158 1883 1233 planam
1910 1165 2101 1232 atque
2129 1155 2483 1214 adstrictam
2516 1152 2966 1229 expositionem

674 1267 815 1335 post
883 1258 1210 1318 ablatiuum
1251 1258 1272 1316 i
1307 1257 1508 1316 littera
1570 1256 1961 1316 terminatum
2008 1255 2633 1315 commentatiuncula
2688 1253 2969 1312 inseritur

675 1361 756 1418 de
799 1360 1092 1436 genetiuo
1137 1359 1348 1436 plurali
1391 1360 1452 1417 in
1499 1360 1624 1417 ium
1668 1358 1857 1428 finito,
1920 1359 2446 1416 demonstratione
2500 1373 2657 1433 opus
2699 1373 2828 1413 non
2870 1363 2967 1412 est

674 1479 808 1520 eam
855 1461 975 1521 hoc
1019 1462 1160 1519 loco
1187 1461 1452 1538 positam
1479 1477 1608 1519 non
1649 1477 1790 1518 esse
1836 1461 1915 1519 ab
1963 1478 2039 1519 eo
2068 1460 2469 1535 grammatico
2499 1459 2603 1535 qui
2634 1457 2753 1515 hoc
2782 1464 2968 1533 caput

673 1563 1050 1639 conscripsit.
1137 1561 1296 1620 Cum
1339 1579 1490 1620 uero
1537 1562 1763 1620 eodem
1808 1561 1947 1621 loco
2014 1562 2233 1620 eadem
2298 1577 2396 1618 res
2439 1560 2607 1636 apud
2650 1558 2964 1616 Donatum

673 1660 758 1740 (p.
802 1665 942 1742 378,
1015 1659 1288 1740 20—30)
1336 1670 1646 1732 tractetur,
1712 1680 1750 1720 a
1808 1662 2199 1721 diasceuasta
2266 1661 2423 1720 hanc
2491 1659 2846 1736 particulam
2903 1659 2966 1716 in

673 1774 859 1841 caput
903 1763 1000 1821 De
1043 1765 1318 1824 ablatiuo
1363 1765 1617 1823 inlatam
1660 1781 1803 1822 esse
1847 1764 2245 1822 iudicandum
2307 1772 2415 1822 est.
2528 1763 2818 1822 Attamen
2888 1762 2964 1820 ab

673 1865 997 1941 Anonymo
1045 1884 1185 1924 eam
1229 1866 1552 1925 oriundam
1595 1883 1726 1925 esse
1773 1866 2152 1924 crediderim.

871 1967 1194 2025 Praeterea
1252 1968 1313 2024 in
1382 1967 1690 2027 communi
1757 1967 1924 2025 fonte
1971 1965 2289 2024 Diomedis
2355 1973 2418 2023 et
2461 1965 2692 2024 Donati
2737 1966 2964 2024 exstitit

674 2068 840 2127 haud
885 2085 1142 2144 paruum
1187 2077 1368 2144 caput
1414 2071 1495 2126 de
1541 2068 1889 2127 nominibus
1932 2085 2091 2144 quae
2136 2075 2243 2126 aut
2286 2067 2606 2142 singularis
2665 2075 2769 2126 aut
2830 2068 2965 2144 plu-

671 2170 810 2227 ralis
839 2177 1074 2229 tantum
1103 2171 1340 2228 numeri
1384 2179 1544 2231 sunt.
1633 2169 2011 2229 Paucissima
2040 2170 2470 2227 tantummodo
2511 2169 2657 2227 inde
2679 2168 2963 2227 Donatus

670 2270 866 2328 hausit
923 2267 1010 2347 (p.
1060 2271 1201 2339 376,
1277 2265 1572 2349 25-32),
1615 2273 1806 2329 multo
1853 2271 2045 2348 plura,
2100 2271 2379 2348 quamuis
2425 2279 2488 2329 et
2528 2271 2660 2346 ipse
2701 2271 2963 2346 priorem

670 2381 908 2446 partem
956 2371 1342 2448 contrahens,
1374 2371 1716 2430 Diomedes
1744 2367 1827 2448 (p.
1855 2373 1997 2442 327,
2036 2373 2342 2440 16—328,
2388 2372 2654 2442 5÷328‚
2706 2369 2961 2446 7—23).

671 2472 1016 2531 Diomedes
1051 2480 1272 2531 tractat
1300 2473 1484 2533 haec:
1532 2491 1777 2550 semper
1804 2474 2132 2549 singularia
2160 2473 2402 2549 generis
2433 2473 2749 2532 masculini
2794 2473 2964 2532 femi-

669 2575 797 2633 nini
839 2575 1132 2644 neutriuS,
1176 2593 1419 2651 semper
1440 2575 1691 2651 pluralia
1738 2575 1978 2650 generis
2020 2591 2098 2634 m.
2145 2575 2184 2635 f.
2227 2593 2321 2653 n.;
2370 2575 2597 2634 deinde
2641 2576 2962 2653 conplures

671 2678 906 2752 species
951 2678 1262 2736 nominum
1306 2687 1620 2737 enumerat
1659 2695 1819 2754 quae
1852 2679 1967 2737 nisi
1997 2696 2249 2737 numero
2294 2677 2579 2755 singulari
2620 2695 2747 2735 non
2792 2695 2961 2735 usur-

667 2787 918 2854 pantur:
963 2779 1284 2856 metallica,
1327 2782 1578 2839 nomina
1621 2782 1879 2839 deorum
1924 2781 2363 2840 elementorum
2403 2780 2702 2838 montium
2749 2780 2961 2838 ciuita-

671 2881 822 2937 tium
865 2880 1206 2949 fluuiorum,
1263 2899 1424 2958 quae
1463 2899 1786 2940 mensurae
1832 2882 1932 2940 uel
1979 2883 2239 2958 ponderi
2283 2881 2559 2940 subiecta
2605 2889 2765 2942 sunt.
2867 2880 2958 2937 Ex

670 2981 760 3038 his
806 2981 1092 3040 Donatus
1137 2999 1213 3039 ea
1257 2991 1496 3041 tantum
1541 3001 1702 3059 quae
1748 3001 1990 3058 semper
2033 2983 2357 3059 singularia
2400 2984 2497 3040 uel
2525 2983 2776 3059 pluralia
2818 2991 2961 3040 sunt

669 3083 1010 3140 accuratius
1054 3083 1331 3140 nominat
1374 3113 1454 3124 -—
1500 3085 1618 3141 alio
1680 3101 1925 3160 quoque
1969 3084 2186 3142 ordine
2228 3101 2394 3162 usuS,
2461 3101 2599 3141 cum
2654 3083 2764 3140 sub
2809 3100 2961 3140 uno-

672 3201 916 3260 quoque
959 3201 1186 3260 genere
1254 3201 1413 3260 quae
1478 3185 1818 3243 alterutrius
1882 3192 2117 3243 tantum
2161 3187 2393 3242 numeri
2438 3192 2578 3242 sunt
2622 3192 2815 3259 ponat
2855 3215 2959 3256 —,

666 3281 987 3359 praeterea
1056 3285 1263 3354 tradit,
1337 3303 1492 3360 quae
1565 3287 1736 3362 apud
1805 3285 2176 3344 Diomedem
2235 3292 2551 3362 postremo
2639 3289 2772 3346 loco
2838 3295 2959 3345 tra-

668 3393 926 3446 ctantur.
998 3385 1258 3464 Tamen,
1292 3387 1408 3445 etsi
1460 3387 1684 3462 exigua
1731 3396 1970 3447 tantum
2015 3387 2190 3446 huius
2237 3388 2454 3464 capitis
2500 3389 2761 3464 uestigia
2793 3391 2959 3466 apud

668 3485 983 3544 Donatum
1027 3496 1272 3546 seruata
1333 3488 1471 3562 sint,
1543 3489 1806 3546 dubitari
1871 3489 2085 3566 nequit
2151 3489 2296 3564 quin
2340 3488 2547 3547 omnia
2606 3507 2764 3565 quae
2810 3490 2960 3548 Dio·

666 3590 884 3648 medes
928 3593 1185 3665 praebet
1213 3608 1292 3648 ex
1322 3589 1442 3648 hoc
1473 3589 1642 3648 fonte
1684 3589 1905 3649 hausta
1950 3591 2090 3660 sint,
2140 3607 2278 3649 cum
2323 3590 2653 3649 attissimus
2684 3591 2841 3649 inter
2884 3609 2959 3649 ea

667 3707 939 3750 conexus
983 3692 1359 3752 obseruetur.

865 3790 1110 3849 Deinde
1157 3794 1324 3869 apud
1368 3792 1681 3852 Donatum
1727 3787 1813 3870 (p.
1842 3796 1984 3862 377,
2030 3794 2339 3864 31-378,
2385 3785 2451 3870 2)
2497 3801 2560 3851 et
2588 3792 2958 3853 Diomedem

665 3889 750 3967 (p.
782 3895 926 3959 314,
973 3891 1204 3969 8—15)
1247 3894 1515 3953 breuiter
1558 3895 1883 3971 exponitur
1925 3912 2085 3970 quae
2130 3893 2433 3953 adiectiua
2483 3895 2578 3951 cui
2624 3897 2791 3954 casui
2823 3897 2952 3953 iun·

664 4004 903 4069 gantur,
948 4013 1108 4071 quae
1161 3998 1349 4055 uerba
1391 3997 1677 4057 Donatus
1724 3998 1785 4054 in
1830 3995 2215 4074 paragrapho
2280 3997 2359 4054 de
2423 3997 2665 4054 casibus
2731 3997 2953 4074 posuit,

666 4092 1042 4154 Diomedes1
1085 4099 1480 4157 idiomatibus
1525 4098 1714 4158 datiui
1762 4116 1940 4158 casus
1988 4096 2249 4157 subfixit.
2359 4097 2540 4156 Hanc
2595 4101 2952 4174 particulam

863 4321 884 4360 ¹
921 4327 1100 4380 Diom.
1138 4343 1190 4394 p.
1231 4328 1353 4388 314,
1401 4327 1461 4379 13
1511 4328 1769 4380 editiones
1820 4330 2156 4396 interpolatas
2210 4335 2349 4380 recte
2405 4328 2680 4396 scripsisse
2734 4329 2956 4380 ‘mactus

664 4407 879 4463 uirtute'
924 4415 1122 4465 Donati
1180 4416 1482 4468 testimonio
1545 4418 1889 4471 confirmatur.
1984 4419 2247 4485 Respexit
2303 4420 2664 4483 grammaticus
2723 4418 2953 4469 ‘senten-

663 4501 786 4552 tiam
824 4502 962 4552 diam
999 4503 1242 4554 Catonis’
1283 4507 1417 4559 Hor.
1457 4512 1552 4556 sat.
1592 4507 1634 4565 1,
1673 4507 1727 4573 2,
1768 4507 1853 4558 31.
