3459 5217
1551 503 1903 554 ..11-

583 679 884 755 Similiter,
929 677 1045 735 etsi
1088 676 1342 735 breuius
1387 684 1457 735 ut
1499 676 1677 746 solet,
1721 676 2004 735 Donatus
2050 671 2129 753 (p.
2180 678 2319 753 373,
2369 672 2663 750 13—15).
2745 676 2867 733 Re-

584 780 728 855 liqui
784 787 908 836 tres
971 778 1316 836 deriuatiua
1387 795 1524 835 cum
1577 777 2007 853 patronymicis
2070 776 2458 835 confundunt
2508 776 2766 848 (Charis.
2810 796 2867 852 p·

588 881 727 947 154,
789 880 1100 957 26-155,
1149 882 1220 954 23
1278 880 1479 938 Anon.
1528 879 1679 939 Bob.
1724 898 1783 955 p.
1828 881 1969 952 535,
2022 881 2117 938 16.
2165 880 2278 947 17;
2336 878 2575 937 Dosith.
2620 898 2681 954 p.
2726 880 2866 952 395,

582 975 794 1056 5—7).
861 980 1145 1055 Sequitur
1187 980 1568 1038 enumeratio
1615 980 1849 1053 (Diom.
1874 999 1933 1056 p.
1961 982 2099 1049 323,
2129 974 2443 1057 20—23):
2488 974 2870 1039 ‘deriuantur

579 1089 789 1141 autem
833 1081 1037 1141 modis
1081 1089 1335 1157 septem.
1425 1090 1533 1140 aut
1589 1082 1754 1139 enim
1801 1080 2222 1157 patronymica
2262 1088 2423 1151 sunt,
2477 1090 2583 1138 aut
2628 1098 2869 1155 posses·

580 1182 728 1251 siua,
773 1226 787 1240 .
834 1227 847 1240 .
890 1227 906 1243 .
951 1189 1058 1239 aut
1098 1200 1454 1258 paronyma,
1501 1189 1610 1239 aut
1633 1181 1923 1255 aethalia,
1970 1189 2076 1240 aut
2104 1181 2502 1257 conparatiua
2532 1190 2640 1239 aut
2661 1199 2866 1256 super-

581 1281 770 1340 latiua
813 1289 922 1340 aut
964 1277 1395 1341 deminutiua’.
1481 1281 1682 1340 Huius
1727 1282 2205 1340 enumerationis
2248 1301 2329 1340 ne
2372 1282 2699 1357 uestigium
2736 1281 2868 1357 qui-

581 1384 726 1440 dem
769 1384 937 1459 apud
979 1383 1298 1443 Donatum
1338 1383 1617 1441 relictum
1661 1391 1776 1451 est,
1834 1382 1990 1441 sicut
2040 1383 2419 1441 deminutiua
2462 1382 2684 1441 ceteris
2727 1400 2867 1457 spe-

579 1484 788 1543 ciebus
829 1486 1018 1543 modo
1068 1485 1168 1544 hic
1207 1486 1398 1545 modo
1453 1484 1576 1543 illic
1621 1484 1945 1545 inmiscuit.
2031 1486 2215 1561 Apud
2262 1485 2531 1561 reliquos
2577 1492 2697 1542 tres
2742 1502 2865 1542 uno

581 1586 826 1661 quidem
869 1593 1086 1644 tenore
1122 1586 1468 1645 deriuatiua
1513 1594 1867 1662 tractantur,
1924 1587 2037 1644 sed
2076 1594 2364 1663 quattuor
2406 1593 2663 1663 tantum,
2720 1594 2869 1660 quot

578 1696 642 1746 et
679 1686 966 1745 Donatus
1011 1686 1318 1746 seruauit:
1364 1686 1779 1763 patronymica
1825 1688 2181 1763 possessiua
2227 1686 2625 1744 deminutiua‘
2648 1686 2866 1743 uerba-

581 1789 678 1847 lia.
747 1788 906 1847 Nam
950 1789 1348 1865 conparatiua
1391 1796 1458 1847 et
1499 1789 1875 1863 superlatiua
1917 1789 2073 1847 inter
2116 1788 2229 1847 has
2270 1787 2495 1847 formas
2547 1805 2865 1845 numerare

577 1908 703 1948 non
745 1899 956 1967 aptum
996 1890 1192 1948 uisum
1244 1897 1340 1949 est
1397 1890 1840 1967 grammaticis:
1898 1890 2229 1965 separatim
2286 1890 2367 1947 de
2422 1889 2514 1947 his
2571 1896 2861 1963 egerunt;

579 1991 786 2067 specie
833 1975 1305 2067 paronymorum
1359 1991 1758 2066 grammatica
1815 1990 2034 2049 Latina
2098 2008 2307 2050 carere
2370 1998 2640 2067 poterat;
2707 1989 2867 2048 hanc

581 2099 825 2169 praeter
869 2092 1242 2150 Diomedem
1285 2110 1496 2151 omnes
1541 2092 1850 2152 omittunt.

777 2194 974 2253 Primo
1024 2194 1206 2269 igitur
1247 2195 1384 2253 loco
1429 2194 1771 2253 Diomedes
1816 2195 1897 2253 de
1940 2194 2373 2271 patronymicis
2420 2193 2546 2269 agit
2589 2189 2675 2268 (p.
2724 2194 2864 2263 323,

579 2291 879 2373 24-29).
949 2295 1264 2354 Vberrime
1307 2296 1648 2371 exponitur,
1695 2315 1735 2355 a
1776 2285 1998 2371 quibus
2038 2295 2321 2371 personis
2364 2294 2619 2353 abusiue
2660 2302 2866 2369 patro-

576 2396 816 2472 nymica
871 2396 1160 2458 oriantur.
1259 2394 1454 2468 Quasi
1514 2396 1800 2473 reliquias
1863 2397 2041 2455 huius
2105 2396 2507 2472 expositionis
2566 2395 2863 2453 habemus

576 2500 745 2573 apud
801 2497 1116 2557 Donatum
1161 2492 1247 2576 (p.
1295 2500 1436 2571 373,
1481 2500 1580 2558 23.
1629 2492 1758 2575 24).
1845 2498 2023 2570 Quae
2084 2499 2255 2575 apud
2311 2500 2581 2556 eundem
2632 2499 2715 2555 de
2758 2514 2862 2553 ex-

582 2600 989 2658 tremitatibus
1034 2600 1591 2676 patronymicorum
1637 2600 1885 2677 legimus
1932 2593 2017 2677 (p.
2042 2602 2181 2670 373,
2204 2598 2478 2672 24—28)
2523 2599 2864 2656 Diomedes

575 2702 821 2761 omittit.
904 2701 1148 2777 Reliqui
1191 2709 1314 2759 tres
1358 2702 1442 2759 nil
1483 2702 1599 2759 nisi
1641 2702 2059 2778 patronymica
2104 2708 2567 2759 conmemorant
2598 2695 2861 2778 (Charis,

575 2820 635 2878 Ρ.
681 2803 822 2871 154,
879 2804 1188 2875 27-155,
1236 2805 1303 2877 2;
1358 2804 1557 2865 Anon.
1612 2803 1766 2863 Bob.
1808 2822 1868 2879 p.
1918 2804 2061 2879 535,
2116 2804 2205 2864 16.
2267 2805 2341 2862 17
2356 2822 2370 2877 ;
2426 2800 2670 2862 Dosith.
2718 2804 2859 2871 395,

581 2894 788 2981 5—7).

771 3002 1016 3061 Deinde
1062 3023 1100 3061 a
1145 3003 1450 3064 Diomede
1479 3005 1835 3081 possessiua
1865 3013 2201 3063 tractantur
2244 3000 2331 3082 (p.
2360 3006 2498 3073 323,
2545 3005 2853 3071 30-324,

576 3106 661 3181 7).
757 3106 946 3181 Apud
996 3105 1312 3165 Donatum
1367 3100 1454 3183 (p.
1516 3108 1655 3176 373,
1719 3108 2038 3177 28—374,
2106 3099 2171 3186 2)
2232 3107 2648 3182 exemplorum
2705 3123 2863 3180 quae

572 3207 912 3266 Diomedes
955 3207 1201 3267 exhibet
1229 3208 1488 3285 primum
1519 3217 1582 3266 et
1611 3210 1890 3285 quintum
1922 3210 2202 3270 redeunt.
2271 3207 2575 3267 Charisius
2606 3203 2691 3283 (p.
2726 3208 2861 3270 155,

573 3306 806 3385 2—10)
849 3317 913 3367 et
955 3310 1312 3385 Anonymus
1356 3309 1680 3370 Bobiensis
1724 3307 1813 3387 (p.
1846 3312 1989 3381 535,
2035 3304 2311 3388 17-19)
2364 3310 2699 3369 secundum
2744 3317 2860 3365 ter-

571 3407 720 3467 tium
763 3418 1044 3487 quartum
1088 3410 1430 3486 exemplum
1459 3410 1707 3482 habent,
1756 3411 2091 3471 Dositheus
2123 3409 2207 3487 (p.
2235 3412 2376 3481 395,
2411 3408 2601 3483 7-9)
2646 3426 2861 3467 secun-

573 3510 716 3569 dum
761 3519 825 3568 et
865 3511 1129 3570 tertium.
1221 3512 1400 3585 Quae
1445 3512 1508 3570 in
1553 3512 1672 3571 fine
1719 3515 1889 3589 apud
1936 3512 2305 3571 Diomedem
2351 3513 2632 3589 leguntur
2676 3510 2863 3569 ceteri

573 3612 858 3670 omittunt
904 3631 1136 3673 omnes,
1244 3613 1399 3671 Item
1459 3632 1813 3691 paronyma,
1877 3616 1959 3672 de
2022 3614 2241 3690 quibus
2285 3613 2620 3673 Diomedes
2681 3612 2861 3671 tertio

573 3711 706 3770 loco
733 3712 1000 3788 loquitur
1025 3707 1110 3791 (p.
1137 3715 1279 3787 324,
1307 3716 1366 3792 8,
1389 3708 1472 3791 9),
1517 3715 1728 3789 reliqui
1774 3732 2009 3789 omnes,
2054 3724 2120 3773 ut
2151 3733 2335 3791 supra
2365 3715 2505 3792 dixi,
2556 3714 2861 3775 omittunt.

571 3812 808 3885 Quarto
853 3814 993 3872 loco
1039 3808 1350 3889 ῥηματικά
1407 3815 1798 3874 nominantur
1853 3810 2079 3893 (Diom.
2125 3834 2181 3891 p.
2232 3818 2373 3883 324,
2421 3810 2714 3892 10-13)‚
2778 3816 2860 3872 de

567 3913 790 3989 quibus
832 3912 1114 3973 Donatus
1161 3914 1520 3975 breuissime
1561 3916 1828 3992 loquitur
1868 3911 1954 3994 (p.
1988 3918 2135 3987 374,
2170 3912 2291 3991 12).
2378 3915 2619 3991 Reliqui
2648 3915 2861 3973 similia

565 4015 866 4090 praebent
911 4024 1100 4092 atque
1144 4016 1482 4077 Diomedes
1530 4014 1793 4093 (ChariS.
1837 4036 1897 4094 p.
1948 4020 2088 4096 155,
2132 4018 2404 4085 22—243
2450 4017 2650 4077 Anon.
2705 4016 2860 4076 Bob.

565 4134 624 4190 p.
669 4118 813 4192 535,
859 4119 1135 4192 29--31;
1182 4118 1422 4181 Dosith.
1468 4138 1525 4195 p.
1570 4121 1712 4189 396,
1761 4116 1971 4194 5—7).

765 4220 1070 4278 Secuntur
1131 4221 1530 4298 conparatiua
1598 4229 1660 4279 et
1704 4221 2114 4297 superlatiua‚
2184 4222 2266 4278 de
2318 4220 2537 4295 quibus
2592 4222 2860 4279 eundem

564 4327 891 4379 tractatum
936 4320 1276 4381 Diomedes
1320 4319 1403 4399 (p.
1429 4325 1570 4391 324,
1601 4324 1911 4392 14—325‚
1940 4320 2045 4397 24)
2076 4325 2345 4399 praebet,
2388 4339 2571 4396 quem
2602 4330 2667 4379 et
2688 4324 2857 4399 apud

565 4419 880 4480 Donatum
924 4415 1010 4498 (p.
1043 4424 1185 4501 374,
1237 4424 1540 4495 15-375,
1577 4421 1681 4500 12)
1728 4433 1791 4482 et
1836 4426 2004 4500 apud
2048 4425 2307 4500 reliquos
2350 4432 2472 4481 tres
2516 4423 2857 4481 inuenimus

564 4516 821 4597 (Charis.
864 4541 924 4599 p.
972 4526 1110 4592 156,
1156 4525 1464 4594 20-157‚
1511 4528 1620 4595 223
1664 4526 1867 4587 Anon.
1916 4525 2069 4587 Bob.
2107 4545 2163 4602 p.
2203 4526 2346 4604 536,
2394 4526 2699 4593 18-537‚
2747 4526 2856 4595 143
2980 4584 2987 4591 .
