3459 5217
1595 468 1941 518 ..10-

617 643 794 700 Haec
847 661 972 700 non
1024 644 1248 700 eodem
1303 643 1520 700 ordine
1571 643 1741 717 apud
1795 641 2111 700 Donatum
2166 641 2585 715 inueniuntur3
2644 641 2785 700 XIII
2840 651 2906 699 et

619 743 769 801 XIV
835 745 1116 820 leguntur
1180 762 1239 820 p.
1311 746 1452 821 374,
1519 747 1745 821 8-11,
1804 743 1922 801 XV
1974 739 2285 820 (Donatus
2346 742 2607 819 primum
2669 749 2905 800 tantum

618 846 1004 903 enuntiatum
1046 844 1304 923 recepit)
1351 855 1413 903 et
1457 846 1604 906 XVI
1647 867 1708 922 p.
1748 849 1889 920 373,
1935 849 2203 924 21-23,
2246 845 2422 904 XVII
2464 864 2523 920 p.
2554 846 2695 910 374,
2741 845 2798 902 2.
2845 847 2901 905 3.

623 945 864 1022 Reliqui
909 955 1028 1004 tres
1074 965 1197 1006 uno
1244 955 1457 1005 tenore
1501 948 1612 1006 has
1660 948 1901 1024 species
1944 947 2304 1006 continuant
2350 943 2609 1022 (Charis.
2654 963 2713 1020 p.
2764 948 2905 1022 156,

620 1048 855 1116 4-17;
922 1047 1123 1108 Anon.
1189 1047 1341 1108 Bob.
1407 1067 1468 1124 p.
1513 1049 1657 1117 536,
1703 1051 1943 1117 6—17;
2010 1048 2251 1108 Dosith.
2298 1067 2357 1124 p.
2406 1049 2546 1116 397,
2595 1048 2903 1115 10—398,

623 1144 747 1222 10).
836 1148 1056 1224 Specie
1109 1149 1617 1208 duodeuicesima
1666 1149 1942 1225 epitheta
1980 1150 2369 1208 continentur
2395 1137 2625 1220 (Diom.
2670 1167 2731 1223 p.
2762 1149 2905 1223 323,

625 1243 876 1326 6-16).
949 1250 1252 1308 Accurate
1277 1250 1621 1328 exponitur,
1652 1251 1821 1310 unde
1848 1249 2121 1327 epitheta
2163 1257 2507 1310 sumantur:
2552 1268 2591 1308 a
2614 1247 2906 1324 qualitate

619 1350 822 1425 animi,
867 1371 906 1410 a
942 1351 1236 1426 qualitate
1283 1353 1574 1429 corporiS,
1617 1371 1656 1410 a
1695 1353 2063 1429 quantitate,
2110 1353 2511 1420 extrinsecuS‚
2550 1369 2589 1408 a
2614 1351 2902 1425 qualitate

619 1451 778 1522 facti,
826 1452 904 1510 ab
951 1452 1392 1522 accidentibuS,
1439 1472 1476 1510 a
1521 1454 1819 1530 qualitate
1867 1462 2138 1512 naturae.
2208 1452 2495 1510 Donatus
2541 1445 2627 1528 (p.
2660 1453 2803 1518 374,
2836 1447 2902 1528 3)

617 1552 778 1611 hanc
821 1554 1091 1629 speciem
1137 1555 1492 1631 suppressit,
1539 1573 1677 1613 cum
1736 1554 2155 1630 praecedenti,
2218 1571 2380 1630 quae
2445 1561 2541 1612 est
2593 1553 2903 1612 nominum

617 1655 857 1713 mediae
900 1656 1222 1730 potestatis
1270 1666 1335 1714 ut
1365 1659 1531 1733 apud
1562 1656 1953 1726 Diomedem,
1984 1655 2314 1733 subfigeret
2342 1655 2462 1714 hoc
2496 1655 2899 1717 enuntiatum:

612 1746 802 1815 ‘haec
847 1757 1032 1816 etiam
1074 1758 1351 1833 epitheta
1399 1744 1732 1818 dicuntur³.
1798 1757 2043 1816 Deinde
2082 1756 2391 1833 qualitatis
2438 1766 2502 1814 et
2544 1757 2903 1833 quantitatis

615 1859 890 1934 proprias
934 1860 1170 1935 species
1215 1859 1420 1920 habet.
1497 1861 1800 1936 Exempla
1842 1860 2048 1918 omnia
2092 1859 2315 1918 omisit.
2380 1857 2625 1933 Reliqui
2667 1866 2790 1916 tres
2821 1859 2901 1916 de

618 1959 901 2034 epithetis
946 1961 1066 2019 alio
1099 1962 1234 2020 loco
1265 1969 1476 2037 agunt,
1515 1962 1552 2022 i.
1585 1982 1639 2022 e.
1671 1979 1799 2019 non
1831 1969 1975 2036 post
2000 1961 2251 2018 nomina
2280 1960 2525 2018 mediae
2554 1960 2901 2037 potestatiS,

618 2063 732 2119 sed
775 2070 1058 2119 accurate
1105 2063 1502 2120 consentiunt
1534 2080 1671 2120 cum
1701 2062 1897 2138 primo
1929 2062 2247 2122 enuntiato
2281 2060 2603 2119 Diomedis
2635 2055 2724 2139 (p.
2759 2063 2901 2134 323,

617 2163 674 2222 5.
721 2159 783 2238 6)
830 2172 895 2222 et
938 2164 1182 2222 tertium
1227 2183 1302 2223 ac
1349 2173 1628 2240 quartum
1671 2165 2016 2241 exemplum
2060 2165 2350 2222 exhibent
2392 2160 2601 2238 (Char.
2648 2182 2707 2238 p.
2757 2163 2894 2236 155,

617 2266 926 2334 30-156,
975 2268 1044 2340 2;
1099 2266 1300 2326 Anon.
1355 2267 1508 2326 Bob.
1553 2285 1614 2342 p.
1660 2268 1802 2344 536,
1852 2268 2041 2336 1—4;
2109 2265 2349 2323 Dosith.
2390 2284 2450 2340 p.
2501 2265 2642 2337 397,
2686 2262 2895 2336 3-7).

615 2366 878 2442 Reliqua
922 2375 1212 2443 quattuor
1254 2367 1538 2443 exempla
1582 2368 1801 2442 quibus
1842 2367 2179 2426 Diomedes
2227 2367 2412 2424 utitur
2452 2371 2695 2441 praeter
2737 2363 2899 2420 hunc

617 2466 814 2525 locum
845 2470 1014 2544 apud
1038 2469 1466 2543 grammaticos
1489 2469 1745 2527 Latinos
1777 2469 2026 2526 omnino
2059 2486 2187 2527 non
2215 2467 2620 2526 inueniuntur.
2687 2465 2779 2522 Ex
2810 2463 2897 2521 eis

616 2569 783 2626 unde
827 2571 994 2645 apud
1031 2570 1400 2628 Diomedem
1461 2570 1735 2645 epitheta
1800 2570 2150 2628 deriuantur
2203 2569 2284 2627 illi
2327 2577 2450 2626 tres
2493 2564 2787 2624 nonnulla
2830 2571 2897 2620 ut

615 2667 888 2753 proprias
919 2669 1152 2744 species
1183 2680 1563 2741 enumerant,
1613 2672 1763 2730 alias
1810 2671 2082 2730 addunt:
2130 2670 2407 2748 qualitas,
2442 2667 2775 2744 quantitaS‚
2822 2667 2900 2723 ab

619 2769 1042 2830 accidentibus
1084 2772 1182 2831 uel
1227 2773 1746 2848 consequentibus
1790 2781 2004 2851 tracta,
2049 2790 2086 2829 a
2130 2770 2398 2830 moribus
2438 2763 2584 2849 (om.
2620 2759 2899 2841 Charis),

618 2871 904 2929 ominalia
946 2867 1090 2947 (om.
1136 2871 1369 2934 ChariS.
1420 2883 1482 2931 et
1527 2874 1728 2934 Anon.
1776 2866 1995 2953 Bob.);
2036 2873 2112 2933 cf.
2164 2871 2396 2933 Charis,
2441 2889 2501 2946 p.
2550 2870 2690 2943 154,
2737 2868 2900 2925 22—

616 2973 730 3041 253
790 2973 990 3034 Anon.
1053 2974 1206 3035 Bob.
1252 2993 1310 3050 p.
1355 2977 1498 3049 535,
1557 2977 1835 3048 13-153
1889 2974 2127 3034 Dosith.
2174 2993 2233 3050 p.
2278 2976 2419 3042 394,
2486 2970 2792 3041 12—395‚
2836 2971 2894 3028 4.

615 3104 699 3114 —
744 3073 924 3144 Quae
962 3074 1246 3134 Donatus
1292 3094 1348 3151 p.
1397 3079 1538 3146 374,
1588 3079 1683 3136 11.
1733 3078 1810 3134 12
1853 3077 2147 3145 nominat,
2203 3073 2514 3150 generalia
2558 3079 2621 3128 et
2662 3070 2900 3146 specia-

616 3175 713 3245 lia,
758 3174 1097 3234 Diomedes
1141 3178 1383 3251 omittit,
1439 3179 1654 3252 reliqui
1698 3188 1820 3236 tres
1864 3177 2090 3236 habent
2136 3173 2397 3254 (ChariS.
2444 3192 2502 3250 p.
2555 3173 2690 3250 155,
2737 3173 2899 3231 24—-

618 3277 730 3350 273
777 3277 980 3334 Anon.
1027 3277 1181 3337 Bob.
1227 3297 1285 3353 p.
1337 3279 1474 3350 535,
1522 3281 1799 3348 31—343
1845 3277 2085 3338 Dosith.
2132 3297 2190 3353 p.
2238 3279 2378 3354 396,
2422 3268 2675 3350 8—10).
2722 3272 2899 3330 Prae-

616 3386 786 3436 terea
830 3377 1115 3438 Donatus
1161 3380 1317 3438 inter
1357 3381 1613 3456 species,
1665 3399 1789 3457 quo
1831 3381 1958 3438 iure
2019 3387 2183 3438 recte
2242 3378 2507 3446 dubiteS,
2569 3375 2798 3450 recepit
2838 3392 2897 3450 p.

618 3482 758 3558 373,
811 3481 1050 3539 17-21
1100 3499 1259 3557 quae
1306 3489 1436 3540 tota
1483 3481 1743 3558 Graeca,
1790 3500 1950 3558 quae
1996 3489 2127 3539 tota
2170 3481 2232 3539 in
2262 3480 2545 3538 Latinum
2585 3494 2899 3545 conuersa,

615 3598 775 3655 quae
807 3580 1024 3651 notha;
1050 3584 1218 3657 apud
1240 3582 1610 3642 Diomedem
1634 3584 1694 3641 in
1720 3584 1841 3641 fine
1873 3584 2086 3668 capitis
2112 3581 2195 3659 (p.
2230 3583 2369 3657 328,
2393 3575 2667 3652 28—32)
2695 3578 2900 3654 legun-

614 3691 727 3743 tur.
835 3683 1079 3759 Reliqui
1142 3684 1298 3742 haec
1369 3685 1674 3744 omittunt.
1740 3715 1819 3725 -
1881 3685 2045 3743 Huic
2122 3683 2487 3761 singularum
2560 3681 2899 3757 specierum

616 3784 1061 3843 enumerationi
1126 3785 1465 3844 Diomedes
1510 3806 1568 3862 p.
1621 3788 1761 3862 323,
1818 3788 1912 3845 16.
1966 3789 2038 3844 17
2094 3785 2274 3843 finem
2335 3783 2589 3860 inponit,
2660 3784 2741 3840 de
2776 3799 2898 3856 quo

616 3887 938 3944 enuntiato
983 3895 1169 3946 antea
1211 3883 1298 3963 (p.
1345 3889 1382 3946 9
1430 3884 1515 3961 n.)
1562 3888 1746 3946 locuti
1790 3905 2015 3946 sumus.
2100 3888 2285 3962 Apud
2328 3885 2643 3944 Donatum
2686 3884 2901 3942 similia

616 4005 741 4044 non
786 3995 1046 4049 exstant.

815 4089 1062 4146 Deinde
1079 4089 1161 4146 ad
1191 4090 1482 4147 nomina
1536 4089 1968 4148 deriuatiua
1996 4090 2335 4148 Diomedes
2357 4088 2590 4148 transit.
2635 4087 2901 4146 Primum

561 4265 576 4282 ι
617 4185 704 4268 (p.
750 4192 891 4268 323,
941 4188 1046 4265 17)
1101 4191 1350 4250 nomina
1406 4189 1636 4266 primae
1689 4192 2009 4268 positionis
2064 4211 2101 4250 a
2146 4191 2502 4250 deriuatiuis
2548 4189 2838 4250 discernit
2856 4182 2898 4247 1.

814 4412 834 4450 1
871 4417 965 4466 ubi
1006 4416 1080 4466 sic
1120 4416 1409 4480 legendum
1448 4424 1561 4466 est:
1623 4417 1772 4466 ‘sunt
1829 4417 2079 4481 quaedam
2134 4415 2461 4483 principalia,
2518 4430 2652 4480 quae
2708 4415 2901 4465 Graece

613 4511 893 4571 prototypa
916 4505 1157 4555 dicuutur
1177 4503 1218 4564 ’;
1261 4521 1380 4555 nam
1420 4504 1715 4556 ‘dicuntur'
1740 4506 1990 4572 praebent
2016 4504 2173 4556 codd.
2200 4505 2382 4564 ABM,
2420 4502 2659 4566 ‘graece'
2697 4504 2813 4555 cod.
2838 4504 2899 4556 B.
