3459 5217
791 1520 1022 1579 Omnes
1069 1524 1458 1597 quaestiones
1525 1510 1681 1598 quae
1735 1522 1795 1579 in
1843 1540 1921 1578 eo
1971 1530 2305 1591 uersantur,
2376 1528 2443 1577 ut
2500 1540 2537 1577 e
2611 1520 2869 1577 seruatis

591 1620 944 1695 deperditas
1009 1624 1541 1697 grammaticorum
1586 1623 1945 1681 Latinorum
2001 1632 2161 1681 artes
2208 1631 2424 1680 eruant
2468 1630 2652 1696 atque
2696 1621 2869 1679 resti-

589 1729 783 1798 tuant,
843 1723 929 1780 sic
970 1725 1198 1799 optime
1264 1724 1424 1793 fiunt,
1493 1734 1559 1781 ut
1625 1726 1703 1782 ab
1773 1724 1987 1799 amplis
2052 1722 2339 1799 operibus
2391 1722 2616 1780 saeculi
2673 1720 2871 1798 quarti

587 1822 1062 1899 proficiscantur,
1131 1826 1330 1900 qualia
1395 1834 1851 1900 conposuerunt
1905 1823 2209 1881 Charisius
2279 1822 2616 1908 Diomedes
2685 1822 2867 1878 Dosi-
2946 1807 2950 1811 ’

589 1923 766 1980 theus
829 1924 1184 1999 Anonymus
1243 1921 1635 1995 Bobiensisl;
1705 1924 1935 1983 Donati
2002 1943 2249 2000 quoque
2316 1934 2508 1982 artem
2560 1922 2871 1988 maiorem,

591 2024 706 2079 etsi
749 2024 824 2079 ab
869 2024 1105 2081 illorum
1151 2026 1313 2082 libris
1361 2025 1530 2082 haud
1572 2026 1784 2083 leuiter
1829 2024 2086 2100 differat,
2149 2042 2274 2080 non
2340 2022 2471 2081 sine
2516 2022 2714 2079 fructu
2760 2022 2871 2078 ad-

591 2122 777 2181 hiberi
833 2142 907 2180 ex
960 2124 1093 2200 ipsa
1157 2125 1578 2205 disputatione
1643 2126 1923 2186 elucebit.
2009 2123 2092 2181 Vt
2158 2124 2219 2181 hi
2283 2143 2429 2200 prae
2496 2124 2716 2181 ceteris
2777 2122 2871 2179 his

590 2225 1044 2299 quaestionibus
1113 2227 1430 2285 soluendis
1498 2228 1675 2285 utiles
1742 2228 1877 2296 sint,
1942 2226 2177 2283 ratione
2221 2244 2343 2302 qua
2387 2226 2479 2283 usi
2525 2234 2684 2283 artes
2729 2241 2870 2281 suas

591 2324 1079 2401 conscripserunt
1145 2327 1374 2385 factum
1419 2336 1530 2388 est.
1613 2328 1744 2386 Iam
1782 2328 2017 2385 dudum
2060 2332 2452 2403 perspectum
2496 2332 2593 2382 est
2637 2342 2745 2381 eos
2789 2322 2870 2380 nil

590 2427 702 2483 nisi
771 2428 1181 2501 antiquiorum
1248 2430 1778 2502 grammaticorum
1852 2428 2031 2486 libros
2099 2428 2507 2503 despoliasse,
2569 2426 2632 2483 id
2668 2425 2871 2501 'quod

588 2528 832 2601 egregia
860 2526 983 2585 fide
1017 2530 1468 2603 praestiterunt.
1539 2530 1802 2588 Accedit
1832 2530 2107 2603 alterum,
2142 2528 2309 2603 quod
2340 2544 2639 2602 persaepe
2682 2527 2868 2583 modo

585 2630 852 2688 eundem
897 2637 1224 2687 tractatum
1267 2632 1456 2688 modo
1515 2631 1839 2707 particulas
1892 2631 2172 2687 eiusdem
2236 2628 2635 2705 expositionis
2702 2627 2870 2709 apud

589 2732 906 2804 conplures
951 2732 1382 2805 grammaticos
1427 2732 1800 2791 inuenimus:
1844 2732 2049 2807 itaque
2095 2746 2381 2805 magnam
2414 2738 2653 2805 partem
2683 2728 2869 2784 etiam

589 2832 842 2887 eosdem
897 2839 1182 2889 auctores
1239 2832 1429 2889 secuti
1494 2830 1689 2891 sunt2.
1780 2832 2148 2907 Vbicunque
2203 2848 2358 2906 quae
2412 2849 2489 2887 ex
2540 2843 2663 2886 uno
2709 2844 2870 2904 quae

589 2950 662 2989 ex
705 2933 896 2989 altero
929 2932 1098 2989 fonte
1129 2935 1554 3007 grammaticus
1587 2935 1835 3009 quidam
1866 2932 2136 2991 hauserit
2166 2933 2527 3008 quaerimuS,
2562 2930 2872 3006 egregium

585 3032 759 3090 nobis
803 3033 1093 3091 auxilium
1138 3042 1248 3113 est,
1317 3034 1367 3091 si
1426 3034 1508 3090 de
1553 3035 1772 3091 eadem
1814 3053 1879 3091 re
1922 3034 2073 3091 alter
2113 3033 2541 3107 grammaticus
2608 3030 2873 3087 eundem

591 3135 821 3192 fontem
867 3135 1200 3209 exscripsit.
1289 3134 1414 3192 Sed
1479 3135 1664 3191 etiarn
1731 3135 1970 3211 longius
2016 3136 2303 3209 progredi
2364 3132 2542 3190 nobis
2600 3132 2740 3189 licet
2784 3130 2873 3187 sic

586 3236 980 3295 ratiocinatiS.
1072 3236 1132 3293 Si
1179 3236 1470 3312 conplura
1516 3235 1718 3310 capita
1763 3238 1983 3293 eadem
2037 3236 2205 3310 apud
2274 3234 2432 3292 duos
2500 3234 2597 3290 uel
2669 3232 2871 3308 plures

586 3337 1016 3410 grammaticos
1065 3335 1601 3413 deprehendimuS,
1646 3336 1853 3393 omnia
1898 3354 1973 3393 ex
2023 3337 2245 3393 eodem
2277 3336 2448 3393 fonte
2478 3334 2697 3392 hausta
2731 3351 2871 3390 esse

586 3438 870 3513 procliuis
917 3438 1184 3511 suspicio
1226 3444 1340 3495 est.
1431 3438 1646 3513 Itaque
1713 3436 2060 3513 conparatis
2130 3437 2215 3494 eis
2280 3454 2438 3511 quae
2485 3433 2871 3511 conpluribus

585 3537 992 3613 grammaticis
1024 3540 1368 3596 communia
1398 3547 1540 3596 sunt
1570 3538 1753 3595 libros
1783 3556 1937 3613 quos
1980 3538 2091 3614 ipsi
2130 3539 2193 3595 in
2223 3538 2499 3596 manibus
2532 3536 2873 3593 habuerunt

588 3642 902 3697 restituere
947 3658 1289 3715 possumus,
1372 3638 1507 3699 Hac
1550 3640 1785 3698 ratione
1830 3658 1973 3697 usus
2007 3640 2431 3715 quaestionem
2476 3641 2556 3696 de
2602 3638 2872 3696 fontibus

585 3736 1110 3815 grammaticorum
1156 3742 1410 3813 illorum,
1469 3758 1624 3815 quos
1670 3759 1851 3817 supra
1905 3738 2231 3816 nominaui,
2298 3760 2373 3799 ex
2434 3749 2607 3816 parte
2672 3740 2873 3815 aliqua

585 3842 824 3899 soluere
869 3842 1155 3899 conabor.
1245 3840 1337 3899 Ne
1404 3841 1578 3899 nimis
1637 3842 1840 3917 ampla
1905 3842 2157 3899 materia
2225 3841 2387 3899 uiam
2451 3840 2747 3917 inpediat,
2812 3840 2874 3897 in

583 3961 716 4000 eam
765 3951 1002 3999 tantum
1067 3943 1292 4000 artium
1355 3954 1590 4018 partem
1628 3942 1975 4023 inquiram,
2044 3960 2167 4019 qua
2212 3944 2293 4000 de
2342 3942 2657 4001 elementis
2726 3941 2871 3998 artis

585 4044 1020 4118 grammaticae
1093 4052 1154 4101 et
1199 4045 1278 4101 de
1322 4054 1466 4101 octo
1531 4045 1798 4119 partibus
1846 4043 2138 4101 orationis
2185 4044 2384 4118 agitur
2427 4042 2667 4101 omissis
2711 4043 2873 4117 capi-

785 4258 805 4295 1
844 4264 928 4327 „E
967 4261 1192 4311 Charisii
1232 4268 1342 4310 arte
1389 4260 1718 4323 grammatica
1771 4264 2044 4325 excerpta“
2084 4260 2194 4311 GL.
2234 4262 2261 4309 1
2298 4278 2351 4326 p.
2384 4260 2487 4312 533
2528 4277 2607 4325 sq.
2645 4260 2717 4309 sic
2748 4266 2870 4325 apte

585 4349 833 4415 appellari
870 4349 1001 4399 mihi
1058 4350 1313 4409 uidentur,
1373 4348 1618 4414 quoniam
1671 4349 1794 4398 satis
1844 4364 2105 4415 superque
2164 4348 2580 4398 demonstratum
2616 4354 2711 4415 est,
2749 4365 2807 4398 ea
2844 4366 2874 4398 a

589 4438 826 4489 Charisio
863 4454 971 4487 non
1009 4438 1259 4503 pendere.

787 4522 812 4563 2
848 4526 976 4575 Non
1013 4525 1173 4577 alium
1210 4526 1275 4577 ab
1314 4525 1418 4576 alio
1455 4532 1741 4577 mutuatum
1782 4542 1901 4576 esse
1937 4524 2101 4575 hodie
2138 4530 2360 4576 constat.
