3459 5217
1513 404 1874 459 ...39-

545 579 645 644 sit,
687 586 755 635 ut
802 579 1242 638 accuratiorem
1288 597 1655 637 consensum
1707 578 1867 637 inter
1909 580 2043 637 illos
2089 588 2153 637 et
2200 580 2517 639 Donatum
2559 599 2688 638 non
2732 580 2843 638 ob-

545 698 878 749 seruemUS,
937 680 1288 755 explicatur.
1378 680 1558 752 Quae
1610 681 1768 739 inter
1822 699 1890 740 se
1933 689 2215 757 pugnent
2258 700 2384 740 non
2428 682 2834 742 inueniuntur.

539 781 673 839 Etsi
739 781 920 856 igitur
983 782 1386 840 demonstrari
1444 801 1573 840 non
1624 789 1836 857 potest
1884 791 2069 858 caput
2124 784 2205 842 de
2266 782 2627 859 pronomine
2675 785 2843 858 quod

541 881 624 938 illi
669 888 790 940 tres
837 881 1125 941 exhibent
1169 885 1246 940 ab
1294 884 1513 942 eodem
1556 891 1810 940 auctore
1854 883 2183 942 oriundum
2222 902 2359 942 esse
2399 892 2580 960 atque
2606 884 2843 943 Donati

538 983 706 1051 illud,
753 992 962 1042 tamen
1007 985 1188 1042 ualde
1231 993 1325 1042 est
1368 985 1499 1042 ueri
1543 985 1754 1044 simile.
2490 976 2502 986 ’

739 1084 1022 1160 Denique
1067 1083 1378 1143 Charisius
1423 1082 1509 1161 (p.
1546 1088 1686 1154 164,
1720 1087 2029 1154 13-168,
2064 1081 2172 1163 33)
2220 1095 2281 1144 et
2321 1087 2673 1162 Anonymus
2715 1086 2836 1143 Bo-

543 1184 772 1244 biensis
831 1180 916 1264 (p.
961 1187 1103 1254 561,
1155 1188 1460 1255 19-563,
1506 1182 1566 1262 5)
1633 1195 1696 1243 et
1739 1185 2072 1245 Dositheus
2126 1181 2213 1264 (p.
2260 1189 2401 1259 408,
2452 1183 2683 1261 2—12)
2731 1187 2838 1244 De

542 1286 776 1345 uerbo
824 1296 1028 1362 agunt.
1116 1287 1522 1365 Principalem
1575 1287 1807 1345 fontem
1857 1296 1919 1344 et
1963 1289 2129 1364 apud
2176 1287 2515 1348 Charisium
2562 1297 2625 1344 et
2668 1289 2839 1364 apud

547 1388 933 1464 Anonymum
977 1388 1350 1446 Bobiensem
1404 1390 1667 1447 eundern
1722 1389 2261 1464 deprehendimus.
2352 1388 2507 1447 Cum
2563 1407 2707 1447 uero
2775 1397 2841 1446 et

545 1488 878 1548 Dositheus
923 1497 987 1546 et
1029 1489 1309 1548 Donatus
1356 1491 1433 1547 ab
1478 1490 1591 1546 illis
1635 1489 2005 1566 discrepent,
2053 1491 2135 1548 ad
2177 1491 2484 1567 Anonymi
2526 1489 2837 1572 recensio-

545 1608 689 1648 nem
735 1608 894 1665 quae
941 1591 1216 1650 Charisio
1262 1600 1326 1649 et
1355 1592 1678 1667 Anonymo
1705 1591 1997 1649 Bobiensi
2040 1591 2388 1650 communia
2430 1600 2570 1651 sunt
2617 1591 2839 1649 referre

543 1701 840 1751 uetamur.
931 1692 1078 1750 Mea
1120 1693 1368 1768 quidem
1413 1693 1741 1761 sententia,
1786 1710 1947 1769 quae
1988 1700 2084 1750 est
2126 1693 2421 1752 mutilatio
2460 1694 2678 1770 capitis
2710 1692 2838 1750 Do-

548 1795 828 1862 sitheani,
873 1795 936 1851 in
979 1794 1095 1852 hac
1141 1802 1314 1869 parte
1357 1794 1656 1869 quaestiO,
1687 1794 1770 1852 ad
1817 1793 2111 1868 liquidum
2145 1795 2403 1869 perduci
2444 1795 2658 1870 nequit
2679 1788 2719 1853 ¹.

750 2023 772 2062 ¹
811 2028 958 2092 Quae
1001 2029 1069 2076 de
1090 2026 1318 2077 Charisii
1345 2034 1398 2078 et
1421 2027 1694 2094 Anonymi
1729 2027 2013 2077 Bobiensis
2048 2028 2310 2093 capitibus
2338 2028 2558 2078 eruerim
2584 2028 2688 2077 hoc
2713 2028 2837 2078 loco

544 2115 781 2165 breuiter
818 2131 1092 2180 exponam.
1183 2117 1246 2166 In
1293 2115 1520 2166 Charisii
1566 2117 1736 2182 capite
1785 2117 1853 2166 de
1898 2117 2066 2166 uerbo
2116 2117 2348 2182 quinque
2388 2117 2840 2180 grammaticorum

547 2205 774 2268 uestigia
809 2211 1103 2256 occurrunt.
1159 2206 1272 2254 Iam
1297 2204 1712 2254 Schottmueller
1732 2201 1826 2270 (de
1848 2204 1904 2255 C.
1926 2205 2071 2254 Plini
2096 2204 2211 2256 Sec.
2249 2205 2401 2254 libris
2439 2219 2651 2267 gramm.
2690 2221 2742 2270 p.
2776 2205 2839 2254 17

544 2302 596 2344 et
626 2293 715 2361 18)
753 2294 1044 2343 rectissime
1081 2293 1282 2343 monuit
1306 2294 1598 2343 cauendum
1636 2309 1769 2352 esse,
1810 2309 1876 2342 ne
1921 2309 1949 2342 e
1989 2295 2221 2359 quinque
2249 2293 2474 2343 diuersis
2502 2293 2652 2343 libris
2690 2294 2838 2358 quin-

544 2397 646 2448 que
710 2381 830 2430 illas
889 2382 1442 2432 commentatiunculas
1493 2381 1832 2446 congessisse
1885 2380 2179 2431 Charisium
2234 2388 2494 2447 putemuS.
2568 2381 2626 2431 Si
2685 2389 2839 2447 caput

547 2476 784 2520 nostrum
831 2470 1217 2535 perlustramuS‚
1276 2471 1428 2521 initio
1480 2470 1843 2520 definitionem
1894 2471 2045 2520 uerbi
2093 2477 2145 2519 et
2182 2471 2531 2520 accidentium
2571 2486 2837 2520 enumera-

546 2559 745 2608 tionem
783 2559 1229 2624 deprehendimus
1247 2576 1260 2617 ;
1301 2559 1494 2608 deinde
1534 2565 1817 2608 tractantur
1840 2559 2009 2624 primo
2036 2558 2158 2609 loco
2179 2559 2417 2626 qualitaS,
2460 2559 2625 2608 altero
2650 2574 2836 2621 geum,

547 2655 791 2698 secuntur
829 2648 894 2696 de
933 2663 1117 2710 genere
1157 2648 1290 2697 alter
1327 2654 1380 2697 et
1419 2648 1598 2697 tertius
1638 2653 1908 2706 tractatuS,
1967 2648 2118 2698 tertio
2156 2648 2332 2711 figura,
2386 2653 2571 2714 quarto
2618 2648 2837 2706 numeri,

544 2737 726 2803 quinto
755 2737 919 2803 modi,
959 2743 1108 2785 sexto
1148 2742 1401 2801 tempora,
1445 2735 1681 2800 sequitur
1718 2736 1885 2786 altera
1924 2736 2183 2801 expositio
2224 2737 2290 2786 de
2328 2735 2675 2802 temporibuS,
2718 2752 2835 2801 sep-

542 2827 671 2876 timo
698 2842 942 2891 persona3
985 2824 1208 2890 denique
1248 2825 1312 2874 de
1332 2825 1619 2888 generibus
1659 2825 1831 2892 uerbi,
1864 2840 1999 2890 quae
2037 2825 2141 2874 hoc
2165 2824 2285 2874 loco
2314 2824 2724 2888 significationes
2750 2840 2836 2890 ap-

542 2914 815 2980 pellantur,
856 2919 1098 2978 quartum
1122 2912 1308 2975 agitur.
1365 2913 1612 2962 Dubitari
1647 2913 1779 2962 mihi
1819 2928 1927 2962 non
1945 2928 2113 2978 posse
2134 2912 2361 2978 uidetur,
2401 2913 2531 2981 quin
2569 2929 2633 2962 ex
2670 2913 2837 2963 altero

541 3005 724 3053 libro
763 3018 895 3068 quae
932 3019 983 3068 p.
1025 3001 1140 3061 164,
1183 2999 1446 3068 13—‚-168,
1490 3002 1572 3068 18,
1612 3018 1674 3052 ex
1717 3001 1887 3054 altero
1926 3017 2062 3068 quae
2101 3018 2154 3067 p.
2185 3000 2301 3061 168,
2347 3001 2553 3054 19—33
2589 3002 2835 3066 leguntur

545 3092 816 3143 Charisius
854 3091 1105 3141 hauserit.
1163 3090 1480 3158 Posterioris
1523 3090 1805 3155 particulae
1833 3106 1947 3139 curn
1974 3090 2263 3156 Anonymo
2290 3091 2567 3140 Diomedis
2594 3090 2836 3154 cognatio

547 3181 804 3247 quaedam
863 3181 1175 3231 obseruatur
1239 3178 1458 3228 conlatis
1498 3177 1702 3230 ChariS.
1760 3195 1812 3244 p.
1854 3177 1973 3240 168,
2013 3177 2221 3230 29-31
2283 3185 2335 3228 et
2392 3179 2571 3230 Diom.
2619 3196 2672 3245 p.
2712 3176 2835 3238 337,

542 3268 778 3328 25—28;
845 3275 1076 3318 ceterum
1127 3283 1240 3318 eam
1277 3267 1559 3330 neglegere
1599 3282 1899 3332 possumus·
1972 3267 2214 3316 Priorem
2252 3267 2430 3333 capitis
2468 3274 2669 3333 partem
2711 3283 2834 3317 con-

541 3359 757 3422 pilatam
797 3372 912 3406 esse
945 3358 1000 3406 in
1035 3363 1280 3422 promptu
1318 3363 1417 3422 est,
1474 3356 1547 3406 ita
1585 3355 1796 3421 quidem
1844 3361 1901 3404 ut
1952 3355 2009 3404 in
2056 3355 2259 3406 fontem
2306 3357 2621 3422 primarium,
2677 3372 2834 3421 quem

545 3462 594 3510 p.
635 3445 754 3513 164,
796 3446 1030 3504 13-—26;
1074 3445 1190 3506 167,
1218 3443 1483 3504 23-168,
1519 3443 1587 3503 45
1630 3444 1749 3510 168,
1781 3443 1989 3496 13--18
2024 3444 2296 3504 habemuS‚
2336 3461 2367 3494 a
2402 3447 2669 3496 redactore
2706 3461 2836 3512 quo-

549 3533 664 3582 dam
685 3536 750 3584 de
778 3534 1054 3598 generibus
1083 3533 1216 3582 alter
1250 3535 1324 3600 (p.
1347 3532 1465 3594 164,
1495 3531 1760 3591 27—165,
1786 3529 1874 3598 32)
1912 3538 1967 3582 et
2002 3533 2186 3582 tertius
2218 3533 2289 3600 (p.
2316 3531 2433 3593 165,
2456 3534 2719 3594 33-167,
2740 3532 2834 3600 22)

550 3626 602 3670 et
642 3621 770 3670 alter
805 3623 874 3672 de
908 3621 1229 3687 temporibus
1273 3619 1348 3687 (p.
1392 3619 1507 3680 168,
1548 3617 1747 3686 5-13)
1796 3625 2043 3668 tractatus
2088 3619 2280 3682 integri
2326 3620 2507 3670 inserti
2544 3621 2665 3672 sint.
2738 3623 2835 3672 Al-

547 3715 709 3759 terum
747 3711 812 3759 de
854 3709 1134 3773 generibus
1175 3714 1450 3758 tractatum
1488 3709 1642 3758 unius
1670 3707 1897 3757 auctoris
1918 3723 2035 3757 esse
2060 3708 2446 3757 demonstratur
2483 3724 2543 3758 ea
2578 3725 2651 3768 re,
2690 3711 2833 3776 quod

542 3815 734 3862 genera
770 3800 921 3849 uerbi
959 3815 1159 3864 semper
1215 3798 1452 3848 adhibita
1497 3812 1631 3847 uoce
1669 3795 2054 3859 ‘intellegitur'
2092 3796 2404 3846 definiuntur
2441 3794 2539 3864 (p..
2570 3796 2689 3864 164,
2732 3799 2830 3857 28;

546 3887 664 3947 165,
703 3889 756 3940 4.
799 3889 880 3939 12.
926 3886 1028 3954 19).
1133 3887 1278 3951 Quae
1330 3903 1448 3936 cum
1485 3887 1557 3936 ita
1611 3886 1712 3936 sint
1762 3885 1955 3951 prioris
1993 3886 2151 3951 partis
2190 3886 2309 3935 fons
2349 3885 2622 3950 primarius
2660 3887 2831 3936 Comi-

539 3976 686 4026 niani
725 3992 810 4026 ars
849 3993 967 4026 esse
1005 3992 1114 4025 non
1145 3983 1338 4042 potest,
1379 3976 1437 4025 id
1465 3975 1610 4042 quod
1633 3973 2047 4024 Schottmueller
2083 3974 2119 4026 l.
2157 3975 2191 4024 l.
2231 3991 2281 4040 p.
2327 3974 2393 4025 14
2432 3982 2484 4024 et
2518 3976 2833 4026 Kummrow

538 4064 576 4116 1.
613 4065 650 4115 1.
689 4071 822 4115 sent.
863 4070 1030 4116 contr.
1071 4066 1099 4113 I
1133 4064 1335 4130 opinati
1365 4070 1502 4123 sunt,
1541 4069 1600 4113 ut
1638 4063 1787 4112 cuius
1827 4063 1991 4112 uerba
2016 4078 2267 4128 nusquam
2293 4064 2586 4114 redactoris
2612 4065 2835 4128 uestigia

539 4152 845 4217 praebeant.
904 4179 971 4188 —
1029 4152 1202 4201 Etiam
1257 4152 1395 4216 apud
1432 4155 1771 4216 Anonymum
1810 4150 2134 4200 Bobiensem
2184 4166 2292 4200 non
2328 4153 2480 4203 unius
2518 4154 2834 4216 grammatici

542 4241 831 4292 doctrinam
869 4241 1176 4308 reperimuS.
1234 4241 1380 4305 Quae
1418 4256 1470 4306 p.
1492 4240 1613 4299 561,
1638 4239 1847 4292 19—-22
1884 4241 2128 4304 leguntur
2162 4255 2269 4289 non
2307 4242 2374 4290 ad
2412 4243 2642 4292 eundum
2678 4251 2833 4308 atque

543 4331 820 4395 sequentia
857 4331 1019 4380 uerba
1063 4337 1327 4380 auctorem
1363 4329 1546 4378 referri
1583 4335 1824 4394 possunt.
1899 4329 2047 4393 Quae
2084 4328 2129 4377 si
2168 4329 2234 4378 ab
2270 4329 2458 4379 eodem
2496 4330 2830 4392 grammatico

549 4418 772 4470 oriunda
811 4425 1002 4486 essent,
1060 4434 1167 4468 non
1205 4419 1270 4467 de
1309 4411 1536 4470 ‘formis‘
1580 4416 1732 4466 uerbi
1780 4423 2017 4480 ageretur
2062 4416 2207 4484 prius
2258 4432 2413 4482 quam
2451 4417 2680 4469 definitio
2717 4434 2834 4484 pro-
