3459 5217
1683 449 2035 502 ...42-

713 631 939 698 guntur
979 641 1136 698 quae
1180 623 1510 684 Dositheus
1571 643 1698 682 non
1756 625 2023 683 exhibet.
2108 623 2287 684 Haec
2334 624 2668 684 Charisium
2713 643 2788 702 ex
2834 625 3001 682 Ano·

713 742 892 799 nymo
939 742 1245 795 seruasse,
1291 726 1655 786 Dositheum
1685 727 1784 784 uel
1826 725 1888 783 id
1932 726 2243 802 exemplar
2270 727 2449 784 huius
2479 726 2845 784 recensionis
2878 744 2999 802 quo

711 826 998 883 utebatur
1042 827 1318 886 omisisse
1361 846 1437 886 ea
1479 845 1544 884 re
1584 827 1895 903 probatur,
1946 828 2115 901 quod
2160 829 2381 884 eadem
2412 847 2449 886 a
2477 829 2727 886 Donato
2759 836 2824 885 et
2852 827 3001 885 Dio·

717 927 900 983 mede
947 935 1280 986 tractantur
1324 924 1580 1004 (Charis.
1623 947 1684 1004 p.
1731 931 1789 1002 7,
1826 928 2048 999 11—8,
2083 931 2113 987 1
2168 927 2242 988 cs.
2288 929 2489 990 Diom.
2534 948 2592 1004 p.
2640 931 2783 997 422,
2814 931 2891 988 23
2918 951 3002 976 ---

716 1027 879 1087 Don.
904 1047 963 1103 p.
993 1030 1135 1097 367,
1181 1031 1289 1104 2ος
1337 1029 1568 1088 Charis,
1589 1049 1648 1105 p.
1675 1031 1729 1098 8,
1773 1031 1975 1088 6-12
2025 1027 2099 1089 cf.
2141 1028 2343 1089 Diom.
2388 1048 2448 1105 p.
2498 1031 2636 1102 423,
2670 1032 2707 1088 2
2732 1051 2811 1078 =
2836 1029 2998 1086 Don.

712 1147 773 1205 p.
818 1131 958 1204 368,
1007 1133 1072 1198 1;
1151 1129 1384 1189 ChariS.
1429 1149 1488 1208 p.
1536 1133 1593 1208 8,
1644 1132 1885 1189 17—19
1933 1129 2007 1189 cf.
2050 1129 2253 1190 Diom.
2298 1149 2355 1206 p.
2400 1133 2543 1200 423,
2592 1133 2668 1191 13
2712 1151 2797 1178 =
2839 1130 3001 1188 Don.

711 1248 772 1305 p.
820 1231 961 1300 368,
1009 1226 1094 1310 8).

909 1333 980 1390 In
1024 1333 1484 1391 conscribendis
1550 1332 1847 1410 capitibus
1915 1342 2133 1409 quarto
2180 1333 2291 1390 De
2338 1332 2632 1409 syllaba
2688 1340 2752 1390 et
2792 1331 3003 1406 quinto

713 1434 827 1491 De
872 1434 1262 1492 communi
1307 1436 1600 1510 syllaba
1631 1435 1940 1494 Charisius
1990 1436 2166 1494 binos
2198 1435 2669 1494 commentarios
2708 1434 3004 1511 adhibuit,

711 1551 966 1611 quorum
1013 1535 1245 1610 priores
1293 1553 1432 1593 cum
1475 1537 1781 1595 Dositheo
1827 1544 2111 1596 accurate
2158 1545 2504 1612 congruunt
2526 1535 2783 1610 (Charis,
2816 1555 2876 1612 p.
2906 1539 3001 1605 11,

714 1638 941 1705 9-12,
986 1637 1393 1697 3=Dosith.
1441 1656 1497 1712 p.
1547 1639 1684 1707 386,
1753 1640 2020 1707 9-387,
2068 1641 2132 1706 8;
2198 1637 2429 1697 Charis.
2490 1656 2550 1712 p.
2602 1639 2695 1706 13,
2743 1639 3005 1711 17-14‚

713 1740 749 1796 9
777 1737 1124 1795 =Dosith.
1170 1757 1226 1814 p.
1276 1740 1415 1816 387,
1465 1741 1597 1798 10-
1629 1741 1773 1807 388,
1822 1735 1943 1814 15).
2009 1738 2184 1797 Haec
2228 1756 2477 1815 quoque
2523 1733 2765 1814 capita1
2811 1747 2879 1796 ut
2922 1739 3005 1796 ad

714 1838 1019 1914 Anonymi
1061 1839 1482 1899 recensionem
1522 1839 1851 1899 referamus
1904 1858 1977 1898 ea
2021 1860 2086 1898 re
2130 1841 2308 1898 nobis
2357 1841 2667 1908 suadetur,
2731 1841 2902 1914 quod
2943 1841 2998 1896 in

714 1940 1063 1999 uniuersum
1107 1943 1188 2000 de
1238 1942 1469 2018 syllaba
1499 1951 1560 2002 et
1590 1943 1669 1999 de
1703 1942 2008 2000 communi
2038 1941 2267 2018 syllaba
2305 1942 2605 2000 simillima
2634 1961 2671 2000 a
2701 1941 2996 2000 Diomede
3020 1984 3027 1992 .

713 2049 775 2100 et
819 2042 1071 2100 Donato
1117 2045 1432 2104 docentur.
1541 2044 1700 2102 Nam
1772 2061 1913 2102 esse
1976 2044 2079 2101 ubi
2125 2043 2464 2102 Diomedes
2531 2052 2596 2102 et
2637 2043 2922 2101 Donatus
2970 2061 3006 2099 a

715 2141 990 2202 Charisio
1038 2151 1102 2200 et
1144 2144 1446 2203 Dositheo
1493 2145 1839 2221 discrepent
1881 2163 2009 2203 non
2054 2151 2292 2202 tantum
2337 2144 2583 2222 ualebit‚
2630 2153 2698 2202 ut
2742 2145 2821 2202 de
2865 2161 3005 2200 sen-

715 2244 910 2302 tentia
937 2253 1149 2302 nostra
1178 2247 1632 2315 demoueamur,
1675 2264 1815 2304 eum
1844 2263 2028 2320 supra
2058 2247 2605 2304 demonstrauerim
2630 2263 2667 2302 a
2702 2263 3006 2321 gramma-

713 2345 848 2404 ticis
893 2346 996 2420 qui
1036 2355 1228 2405 artem
1272 2347 1577 2424 Anonymi
1618 2355 2101 2406 retractauerunt
2144 2347 2335 2406 multa
2378 2355 2615 2406 mutata
2659 2364 2819 2408 esse.

915 2448 1200 2523 Denique
1244 2449 1354 2507 De
1417 2449 1769 2507 dictione
1824 2447 2136 2507 Charisius
2206 2445 2287 2524 (p.
2330 2452 2426 2518 16,
2495 2448 2759 2518 29-17,
2828 2443 2895 2524 5)
2942 2455 3007 2504 et

712 2549 1046 2608 Dositheus
1095 2543 1179 2627 (p.
1224 2552 1364 2627 388,
1411 2552 1716 2619 17-389,
1764 2547 1825 2624 6)
1872 2551 2095 2608 eadem
2141 2551 2329 2607 uerba
2374 2551 2617 2608 faciunt.
2708 2550 3005 2622 Quamuis

714 2650 834 2708 hoc
879 2659 1066 2727 caput
1108 2653 1276 2726 apud
1321 2650 1636 2709 Donatum
1679 2670 1807 2709 non
1852 2660 2066 2722 exstet,
2130 2661 2336 2712 tamen
2394 2653 2459 2710 id
2502 2653 2827 2728 Anonymo
2869 2653 3005 2709 uin-

715 2753 922 2810 dicare
984 2771 1113 2810 non
1179 2752 1413 2813 dubito,
1523 2753 1681 2812 Nam
1746 2753 1914 2828 apud
1958 2754 2331 2812 Diomedem
2386 2751 2471 2830 (p.
2520 2757 2665 2823 436,
2730 2753 3003 2825 10—17)

712 2853 879 2910 idem
921 2853 1186 2910 recurrit.
1269 2853 1723 2913 Meminerimus
1771 2855 2088 2914 Donatum
2134 2855 2443 2914 breuitatis
2487 2856 2692 2914 studio
2747 2871 3001 2912 conmo-

715 2963 843 3012 tum
888 2953 1077 3011 multa
1122 2954 1412 3024 omisisse,
1477 2956 1562 3013 ita
1614 2964 1678 3013 ut
1741 2955 1859 3014 hoc
1926 2958 2173 3031 quo'que
2220 2966 2405 3032 caput
2450 2958 2528 3014 ab
2574 2975 2649 3013 eo
2697 2964 2765 3014 ut
2806 2956 3007 3014 minus

715 3055 1120 3114 necessarium
1166 3056 1513 3130 neglectum
1564 3074 1698 3115 esse
1745 3057 1874 3114 ueri
1919 3057 1995 3116 sit
2038 3058 2247 3116 simile.

915 3155 1125 3213 Tertio
1171 3157 1307 3214 loeo
1353 3158 1434 3215 de
1480 3157 1568 3214 eis
1610 3157 1911 3233 capitibus
1951 3176 2129 3232 agam
2174 3176 2333 3234 quae
2366 3175 2403 3214 a
2428 3157 2703 3216 Charisio
2749 3164 2812 3213 et
2841 3155 3004 3214 Ano-

714 3275 896 3333 nymo
945 3257 1230 3316 Bobiensi
1272 3259 1499 3317 tradita
1541 3267 1697 3318 sunt.

914 3359 1175 3416 Primum
1219 3357 1471 3416 Charisii
1514 3359 1548 3418 l.
1592 3360 1637 3418 I.
1685 3378 1820 3436 cap.
1852 3360 1955 3418 XI.
2000 3378 2059 3434 p.
2094 3362 2194 3428 31,
2243 3361 2509 3430 25-35,
2558 3361 2631 3419 17
2668 3377 2806 3417 cum
2836 3359 3006 3416 Ano-

714 3479 896 3536 nymo
943 3461 1225 3519 Bobiensi
1269 3479 1328 3536 p.
1375 3462 1520 3538 548,
1570 3462 1835 3531 1-551,
1902 3463 1935 3520 7
1984 3461 2308 3520 consentit.
2415 3461 2487 3518 In
2540 3461 2739 3536 priore
2785 3460 3006 3536 capitis

715 3570 890 3638 parte
939 3570 1368 3636 conponuntur
1408 3562 1661 3620 nomina
1703 3580 1866 3637 quae
1912 3580 2151 3638 semper
2206 3563 2535 3636 singularia
2602 3571 2742 3620 sunt
2788 3579 3007 3620 secun-

717 3663 864 3720 dum
906 3680 1134 3736 genera
1178 3663 1501 3722 distributa
1528 3662 1675 3720 item
1707 3681 1869 3739 quae
1902 3681 2143 3739 semper
2186 3664 2461 3738 pluralia,
2506 3663 2568 3721 in
2597 3671 2771 3738 parte
2800 3661 3008 3738 poste·

715 3763 873 3820 riore
917 3763 1239 3839 conplures
1287 3765 1516 3824 classes
1565 3765 1878 3821 nominum
1948 3781 2107 3840 quae
2158 3765 2451 3839 pluralem
2518 3782 2837 3822 numerum
2880 3782 3007 3821 non

915 4021 938 4058 1
972 4025 1186 4074 Initium
1224 4025 1402 4090 capitis
1443 4024 1759 4074 Dositheani
1798 4024 1869 4072 de
1909 4023 2114 4088 syllaba
2152 4029 2451 4089 corruptum
2490 4039 2607 4073 esse
2646 4028 2803 4089 patet.
2841 4023 2922 4071 Ea
2939 4022 3007 4072 de

717 4130 774 4164 re
812 4119 1014 4163 tantum
1052 4109 1296 4162 dubitari'
1318 4119 1504 4179 potest,
1544 4120 1712 4163 utrum
1751 4113 1808 4163 id
1834 4111 2078 4162 Dosithei
2104 4112 2235 4161 fonti
2261 4128 2327 4160 an
2350 4111 2455 4177 ipsi
2480 4127 2545 4160 an
2566 4111 2795 4161 librariis
2822 4111 3009 4176 culpae

719 4204 948 4252 dandum
989 4203 1070 4252 sit.
1146 4201 1419 4252 Charisius
1459 4202 1739 4264 genuinam
1792 4202 2011 4262 formam
2066 4201 2310 4252 seruauit.
2371 4229 2436 4236 -—
2494 4203 2821 4267 Postremum
2859 4199 3009 4265 quod

716 4293 856 4358 apud
895 4290 1188 4341 Charisium
1225 4290 1419 4352 legitur
1458 4290 1786 4339 enuntiatum
1824 4289 2113 4338 Dositheus
2149 4305 2255 4338 non
2291 4289 2511 4354 praebet
2556 4287 2783 4355 (ChariS.
2821 4305 2873 4352 p.
2919 4287 3003 4346 12,

721 4377 897 4446 1—3).
971 4381 1036 4429 Id
1071 4395 1188 4428 eum
1237 4379 1479 4428 omisisse
1529 4380 1910 4428 demonstratur
1948 4393 2011 4426 ea
2050 4393 2123 4436 re,
2162 4378 2308 4444 quod
2344 4394 2396 4443 p.
2438 4375 2559 4443 388,
2604 4377 2626 4426 1
2668 4378 2750 4438 (==
2792 4375 3003 4426 Charis·

715 4484 768 4533 p.
811 4468 890 4528 13,
932 4466 1024 4535 24)
1061 4468 1175 4534 ipse
1219 4483 1284 4518 eo
1323 4467 1554 4534 respicit.
