3459 5217
1602 432 1955 485 ...36-

626 623 747 679 que
793 602 1043 662 Donato
1103 604 1295 663 maior
1349 622 1528 680 quam
1586 623 1697 681 pro
1751 605 2149 680 grammatico
2198 606 2367 664 istius
2420 606 2560 664 aeui
2622 605 2920 663 industria

628 713 814 781 atque
852 707 1118 763 sollertia
1162 706 1491 763 tribuenda
1531 715 1714 782 esset,
1764 707 1813 764 si
1857 707 2242 782 conpluribus
2291 708 2555 765 fontibus
2598 726 2741 765 usus
2790 726 2919 764 om-

623 808 769 863 nino
822 808 1121 865 euitasset
1180 808 1272 864 bis
1337 809 1417 865 de
1475 809 1698 866 eadem
1758 824 1823 865 re
1878 817 1985 865 aut
2044 810 2312 866 eundem
2355 818 2461 867 aut
2508 810 2811 867 diuersum
2857 810 2917 865 in

622 909 874 965 modum
920 909 1236 966 disserere.
1326 906 1502 981 Quae
1557 909 1607 965 si
1663 917 1830 966 recte
1888 908 2350 985 disputauimUS,
2422 910 2605 969 etiam
2665 932 2743 969 ex
2801 912 2917 969 hac

623 1018 797 1083 parte
842 1008 1139 1067 euincitur
1182 1008 1496 1067 Donatum
1543 1010 1783 1083 singula
1830 1011 2033 1086 capita
2086 1028 2162 1066 ex
2215 1029 2338 1067 uno
2396 1010 2565 1069 fonte
2620 1013 2915 1071 hausisse.

623 1111 686 1168 Si
758 1112 937 1185 igitur
999 1111 1316 1169 Donatum
1394 1111 1735 1186 conpilasse
1814 1112 1937 1183 uiS‚
2018 1112 2258 1187 singula
2340 1130 2479 1169 eum
2558 1114 2760 1189 capita
2826 1114 2919 1170 di-

623 1212 816 1270 uersis
861 1214 1208 1271 auctoribus
1260 1214 1491 1271 debere
1537 1230 1743 1269 sumas
1788 1230 2045 1271 necesse
2091 1221 2203 1270 est.
2292 1212 2431 1271 Hoc
2488 1231 2637 1271 uero
2700 1213 2919 1271 rationi

624 1331 745 1388 qua
790 1314 1166 1388 grammatici
1211 1314 1620 1390 conpilatores
1667 1314 1760 1371 usi
1804 1324 1944 1372 sunt
1985 1331 2231 1391 prorsus
2275 1322 2595 1389 repugnat.
2676 1313 2919 1373 Deinde

627 1415 1046 1473 demonstrare
1103 1417 1280 1474 nobis
1349 1416 1622 1491 contigit,
1690 1416 1740 1473 si
1794 1415 1855 1472 in
1910 1434 2033 1473 uno
2092 1415 2293 1492 aliquo
2338 1416 2538 1492 capite
2583 1416 2918 1474 Diomedes

627 1534 766 1573 cum
823 1515 1070 1575 Donato
1130 1517 1349 1592 partim
1415 1517 1705 1575 concinat
1769 1518 1988 1593 partim
2050 1535 2176 1574 non
2238 1518 2537 1591 concinat,
2604 1518 2919 1593 utriusque

625 1619 867 1693 generis
912 1618 1234 1694 particulas
1278 1637 1403 1676 non
1449 1636 1526 1675 ex
1569 1620 1790 1675 eodem
1835 1617 1985 1675 libro
2020 1617 2356 1693 descriptas
2396 1636 2548 1677 esse.
2599 1619 2721 1678 Aut
2760 1620 2919 1677 enim

624 1721 687 1777 in
732 1720 818 1776 eis
865 1737 1022 1796 quae
1069 1721 1232 1795 apud
1278 1719 1588 1777 Donatum
1643 1727 1961 1777 recurrunt.
2012 1720 2233 1776 eadem
2278 1720 2579 1777 docentur
2624 1727 2811 1796 atque
2855 1720 2917 1776 in

625 1820 868 1896 reliquis
913 1830 1019 1879 aut
1063 1822 1329 1880 diuersa.
1417 1821 1633 1897 Itaque
1666 1838 1909 1896 semper
1939 1838 2098 1896 quae
2130 1838 2269 1878 cum
2298 1820 2548 1879 Donato
2579 1828 2916 1895 congruunt

627 1920 870 1997 proprio
909 1922 1062 1979 fonti
1093 1922 1302 1980 deberi
1334 1921 1638 1982 uidentur.
1725 1921 2011 1998 Denique
2040 1922 2371 1979 nonnullae
2398 1921 2729 1997 particulae
2760 1929 2917 1991 sunt,

629 2040 982 2081 communes
1014 2022 1302 2080 Diomedi
1334 2031 1396 2081 et
1426 2022 1697 2091 Donat0‚
1745 2042 1905 2098 quae
1941 2040 2068 2079 non
2114 2024 2197 2080 ad
2241 2024 2514 2081 eundem
2558 2032 2745 2099 atque
2789 2031 2921 2081 tota

629 2123 1062 2198 grammaticae
1115 2124 1368 2181 materia
1423 2133 1740 2182 auctorem
1799 2124 2007 2182 referri
2063 2133 2349 2200 possunt:
2419 2127 2545 2184 duo
2592 2125 2921 2184 Scauriana

625 2225 880 2283 frustula
925 2233 986 2281 et
1036 2226 1437 2283 Remmianae
1483 2226 1628 2284 artis
1681 2225 2109 2301 fragmentum.
2196 2225 2348 2284 Cum
2394 2228 2561 2302 apud
2605 2225 2918 2283 Donatum

624 2328 859 2386 illorum
903 2328 1431 2402 grammaticorum
1476 2328 1694 2386 notitia
1739 2345 2038 2403 nusquam
2083 2335 2303 2403 exstet,
2358 2328 2475 2385 nisi
2519 2327 2622 2386 ubi
2666 2327 2918 2384 Diome·

626 2430 740 2485 des
783 2446 1024 2503 quoque
1068 2429 1258 2485 uerba
1301 2429 1514 2486 ecrum
1556 2430 1829 2504 praebet,
1878 2427 2191 2486 Donatum
2241 2428 2441 2503 ipsum
2490 2428 2693 2486 adisse
2738 2428 2918 2485 libros

626 2547 834 2588 eorum
874 2538 1088 2605 putare
1133 2530 1368 2589 ratione
1413 2539 1712 2591 uetamur.
1802 2531 1873 2587 In
1909 2530 2212 2588 communi
2244 2530 2411 2587 fonte
2441 2539 2762 2605 utrumque
2792 2529 2918 2586 illas

624 2630 951 2705 particulas
992 2630 1296 2689 inuenisse
1339 2632 1706 2688 sumendum
1754 2639 1865 2689 est.
1951 2631 2021 2688 In
2074 2630 2235 2688 hanc
2276 2630 2645 2689 sententiam
2689 2630 2931 2706 optime,

627 2733 904 2807 quadrat,
950 2734 1118 2806 quod
1157 2733 1289 2789 aliis
1338 2750 1580 2807 quoque
1612 2733 1986 2807 argumentis
2014 2732 2189 2789 nobis
2237 2733 2531 2790 suadetur
2571 2750 2696 2789 non
2724 2732 2920 2807 ipsum

623 2833 927 2907 Anonymi
972 2834 1186 2891 librum
1241 2834 1610 2891 Diomedem
1654 2833 2092 2910 Donatumque
2154 2834 2467 2903 habuisse,
2534 2835 2645 2891 sed
2710 2850 2921 2889 exem-

621 2934 810 3009 plaria
857 2951 1016 3009 quae
1061 2952 1136 2990 ex
1180 2935 1482 3011 Anonymi
1525 2935 1676 2992 libro
1719 2942 2051 2993 retractato
2095 2934 2416 2993 fluxerunt.
2505 2934 2561 2992 A
2597 2934 2923 2992 redactore

621 3036 758 3093 illae
802 3036 1133 3110 particulae
1171 3044 1456 3112 receptae
1503 3044 1667 3095 sunt.

821 3137 1224 3211 Argumentis·
1259 3138 1505 3213 prolatis
1551 3138 1856 3195 euincitur
1919 3155 2043 3195 uno
2096 3145 2335 3195 tantum
2391 3137 2560 3194 fonte
2606 3134 2920 3193 Donatum

621 3238 681 3296 in
729 3246 858 3296 arte
904 3256 1018 3297 sua
1061 3238 1505 3297 conscribenda
1550 3256 1726 3297 usum
1771 3256 1929 3303 esse,
1978 3246 2042 3295 et
2083 3237 2294 3295 omnia
2340 3255 2499 3312 quae
2528 3236 2817 3295 Diomedi
2860 3243 2922 3293 et

622 3340 871 3399 Donato
931 3340 1275 3397 communia
1330 3348 1472 3397 sunt
1536 3358 1611 3397 ex
1673 3357 1798 3397 uno
1859 3340 2209 3414 eodemque
2265 3338 2415 3395 libro
2479 3337 2704 3395 hausta
2766 3354 2919 3395 esse.

625 3441 978 3500 Communis
1027 3441 1261 3499 illorum
1305 3443 1830 3518 grammaticorum
1874 3442 2009 3499 fons
2056 3448 2153 3498 est
2193 3439 2492 3515 Anonymi
2534 3438 2827 3498 recensio,

819 3543 962 3620 Iam·
997 3544 1080 3600 ad
1123 3544 1556 3618 grammaticos
1603 3543 1705 3618 qui
1754 3562 1828 3602 ex
1876 3542 2071 3600 altera
2114 3540 2475 3599 recensione
2506 3540 2785 3615 pendent
2815 3557 2917 3596 me

624 3650 934 3703 conuertO.
1023 3641 1296 3700 Diuersis
1343 3642 1542 3701 causis
1589 3642 1819 3700 facturn
1878 3650 1994 3720 est,
2040 3650 2107 3699 ut
2156 3641 2310 3699 haec
2355 3657 2495 3716 pars
2543 3640 2919 3716 quaestionis

621 3744 902 3802 intricata
947 3744 1040 3803 sit.
1129 3744 1291 3802 Artis
1338 3744 1743 3818 fragmentum
1790 3744 1960 3817 quod
1994 3744 2224 3809 ‚codice
2271 3741 2564 3799 Bobiensi
2609 3747 2919 3799 seruatum

622 3845 800 3902 nobis
846 3853 941 3902 est
983 3844 1192 3920 incipit
1237 3863 1274 3903 a
1317 3845 1512 3920 capite
1564 3846 1643 3902 de
1692 3843 1965 3919 partibus
2022 3843 2336 3911 orationiS,
2406 3843 2520 3900 sed
2586 3843 2665 3899 de
2730 3841 2921 3898 tribus

623 3953 862 4003 tantum
907 3946 1276 4005 dictionibus
1323 3946 1663 4004 doctrinam
1709 3945 1981 4003 continet
2042 3940 2151 4018 (de
2212 3944 2479 4013 nomine,
2546 3944 2627 4000 de
2693 3960 2921 4018 prono-

621 4046 801 4115 mine,
867 4048 947 4103 de
990 4043 1231 4124 uerbo).
1321 4046 1678 4113 DositheuS,
1745 4063 1883 4103 cum
1948 4053 2143 4101 totam
2210 4054 2403 4101 artem
2461 4044 2921 4119 grammaticam

623 4148 1041 4223 amplectatur,
1111 4149 1192 4205 de
1235 4148 1482 4205 nomine
1530 4147 1678 4219 illud
1723 4148 1916 4204 solum
1963 4154 2147 4221 caput
2204 4145 2448 4204 exhibet
2508 4146 2679 4219 quod
2738 4160 2919 4217 supra

622 4248 896 4307 tractaui.
985 4247 1160 4320 Quae
1204 4256 1542 4325 praeterea,
1591 4256 1657 4305 ut
1703 4247 2161 4316 demonstrabo,
2206 4246 2266 4303 in
2313 4240 2445 4303 eius
2478 4246 2652 4303 fonte
2691 4246 2771 4301 de
2801 4243 2919 4300 hac

624 4359 798 4428 parte
861 4350 1152 4407 orationis
1219 4349 1547 4407 exstabant
1608 4348 1950 4406 describere
2020 4348 2239 4408 omisit.
2337 4346 2599 4404 Accedit
2662 4345 2919 4402 alterum

625 4453 796 4531 quod
833 4451 896 4507 in
942 4450 1282 4526 posteriore
1327 4450 1471 4509 artis
1517 4459 1704 4525 parte,
1768 4467 1929 4525 quae
1975 4450 2262 4507 miserum
2306 4448 2368 4505 in
2410 4447 2660 4505 modum
2701 4446 2920 4503 decur·
