3459 5217
1680 475 2031 531 ...13-

911 653 1001 711 Ac
1043 652 1300 729 primum
1345 652 1613 731 quidem,
1659 671 1781 729 quo
1826 654 2040 713 ordine
2081 656 2173 713 usi
2216 655 2591 730 grammatici
2637 656 2999 733 disputatio-

707 774 848 814 nem
896 758 978 813 de
1021 755 1267 811 nomine
1311 754 1694 829 instituerint,
1744 755 2148 831 inspiciamus,
2235 756 2305 813 In
2349 757 2519 814 initio
2564 758 2781 833 capitis
2814 760 2996 817 alium

707 858 872 933 apud
919 856 1276 927 Charisium‚
1320 855 1708 929 Anonymum
1755 856 2139 930 Bobiensem,
2175 856 2559 932 Dositheum,
2606 859 2788 916 alium
2833 861 2999 935 apud

709 957 1076 1016 Diomedem
1122 964 1186 1014 et
1230 955 1540 1013 Donatum
1585 957 1862 1015 ordinem
1915 958 2159 1033 reperiri
2215 976 2395 1034 supra
2439 960 2722 1035 exposui3
2789 964 2998 1018 monui

708 1078 954 1136 quoque
996 1060 1178 1118 illum'
1203 1060 1439 1118 ratione
1485 1078 1716 1133 carere;
1789 1069 2059 1119 attamen
2104 1080 2239 1119 cum
2295 1062 2377 1120 illi
2420 1070 2543 1120 tres
2588 1065 2859 1121 eundern
2901 1084 2995 1122 or-

706 1164 914 1220 dinem
960 1161 1311 1240 praebeant,
1379 1162 1524 1237 quin
1577 1162 1640 1219 in
1683 1164 1989 1221 communi
2033 1163 2204 1221 fonte
2248 1181 2387 1221 eum
2430 1164 2771 1223 inuenerint
2813 1165 2990 1222 dubi-

705 1264 818 1322 tari
859 1263 1088 1337 nequit.
1178 1260 1406 1320 Contra
1448 1262 1606 1321 hanc
1650 1264 2017 1323 sententiam
2059 1264 2204 1321 nihil
2247 1265 2431 1337 ualet,
2478 1267 2647 1339 quod
2690 1265 2989 1324 Charisius

705 1373 766 1422 et
809 1363 1088 1423 Donatus
1134 1365 1434 1440 quasdam
1473 1364 1797 1440 particulas
1843 1366 2191 1426 omiserunt.
2276 1366 2347 1425 In
2390 1368 2851 1425 enumeratione
2894 1385 2991 1424 ac-

703 1467 1035 1525 cidentium
1080 1466 1388 1541 quomodo
1432 1466 1658 1525 factum
1689 1468 1784 1542 sit,
1830 1476 1898 1524 ut
1926 1467 2263 1525 Diomedes
2296 1468 2646 1542 qualitatem
2686 1476 2993 1544 postremo

712 1571 845 1627 loco
888 1574 1164 1645 poneret,
1231 1584 1413 1643 supra
1461 1567 1762 1643 explicare
1806 1567 2027 1629 studui.
2116 1566 2339 1626 Cetera
2380 1567 2701 1648 Charisius,
2746 1570 2995 1647 Anony-

703 1689 838 1729 mus
884 1670 1220 1744 BobiensiS,
1289 1667 1624 1727 Dositheus
1672 1677 1737 1727 et
1780 1678 2137 1729 enumerant
2180 1678 2245 1727 et
2287 1678 2552 1729 tractant
2594 1671 2712 1728 hoc
2752 1672 2991 1732 ordine:

707 1790 902 1849 genus
942 1773 1132 1847 figura
1174 1788 1460 1828 numerus
1509 1787 1716 1841 casus;
1784 1771 2121 1829 Diomedes
2166 1781 2229 1829 et
2272 1772 2577 1831 Donatus:
2646 1791 2839 1849 genus
2883 1791 2994 1830 nu-

705 1890 906 1931 merus
948 1873 1138 1947 figura
1165 1888 1360 1931 casus,
1423 1872 1493 1928 In
1524 1872 1747 1947 primiS,
1793 1880 1863 1930 ut
1890 1890 2072 1948 supra
2121 1874 2265 1948 dixi,
2311 1874 2374 1930 in
2416 1874 2709 1949 particula
2738 1875 2818 1931 de
2850 1892 2993 1932 con-

702 1974 1016 2051 paratione
1065 1974 1228 2030 duae
1277 1972 1413 2030 illae
1467 1972 1692 2030 classes
1749 1974 2196 2033 discernuntur.
2283 1974 2555 2033 Difficilis
2588 1983 2683 2033 est
2716 1977 2993 2051 quaestio

703 2078 786 2134 de
830 2095 907 2133 ea
951 2092 1108 2150 quae
1151 2081 1340 2132 restat
1382 2082 1578 2153 parte,
1642 2074 1704 2131 in
1760 2092 1881 2149 qua
1940 2076 2175 2151 species
2227 2076 2483 2134 nominis
2546 2086 2991 2137 enumerantur.

701 2175 1004 2234 Charisius
1047 2172 1132 2252 (p.
1174 2176 1315 2244 154,
1359 2177 1664 2245 21—156‚
1715 2171 1822 2252 17)
1864 2184 1928 2233 et
1972 2176 2325 2252 Anonymus
2368 2176 2686 2235 Bobiensis
2732 2174 2815 2254 (p.
2849 2181 2990 2249 535,

705 2279 1010 2351 11-536,
1056 2273 1160 2353 17)
1205 2284 1270 2333 et
1315 2275 1644 2334 Dositheus
1690 2271 1777 2353 (p.
1824 2279 1963 2354 394,
2013 2279 2319 2355 11—398,
2363 2270 2467 2355 10)
2512 2296 2659 2335 sane
2704 2288 2989 2337 accurate

707 2378 1099 2436 consentiunt
1139 2385 1324 2452 atque
1367 2378 1656 2454 eundem,
1699 2386 1767 2435 ut
1796 2378 1881 2437 ita
1912 2378 2131 2451 dicam,
2176 2378 2450 2436 ordinem
2486 2387 2791 2439 secuntur.
2866 2380 2990 2437 Sed

710 2481 902 2555 qualis
958 2477 1057 2537 ille
1117 2474 1243 2537 est!
1333 2479 1598 2537 Primum
1647 2479 2033 2537 nominantur
2084 2474 2272 2556 ‘quae
2320 2488 2572 2556 gentem
2618 2468 2986 2556 significant'

703 2590 767 2638 et
809 2581 1039 2653 similia,
1094 2587 1224 2637 tum
1271 2581 1681 2638 deriuatorum
1725 2580 1973 2656 formae,
2028 2582 2255 2638 deinde
2300 2581 2451 2639 aliae
2495 2582 2727 2657 species
2774 2580 2988 2637 mirum

711 2684 772 2741 in
809 2685 1063 2741 modurn
1105 2680 1468 2757 conmixtae',
1531 2689 1598 2739 ut
1640 2669 2017 2756 ‘generalia',
2060 2671 2421 2758 ‘specialia',
2470 2672 2671 2742 ‘facta
2714 2700 2751 2740 a
2794 2668 2989 2740 sonis'

699 2773 816 2857 ‘ab‘
847 2770 1200 2853 aduerbiis³‚
1241 2771 1303 2841 ‘a
1346 2782 1670 2859 participiis
1713 2770 2017 2858 figurata'‚
2058 2770 2401 2859 ‘epitheta'.
2486 2784 2601 2841 I-Iis
2638 2784 2811 2860 quasi
2854 2784 2987 2841 finis

697 2886 1001 2961 inponitur
1069 2884 1299 2942 uerbis:
1347 2873 1490 2942 ‘sed
1555 2884 1710 2943 haec
1754 2885 1956 2943 omnia
2000 2886 2276 2961 quamuis
2323 2886 2560 2961 species
2608 2893 2751 2943 sunt
2796 2887 2990 2943 nomi-

697 3005 843 3043 num
887 2986 1166 3045 absolute
1206 2992 1412 3043 tam‘en
1448 2986 1696 3045 nomina
1725 2986 2007 3043 dicuntur
2036 2994 2100 3045 et
2133 2987 2383 3061 singulis
2420 2988 2599 3045 rebus
2630 2987 2991 3063 personisue

699 3087 977 3163 apposita
1020 3073 1220 3156 sunt'}
1291 3086 1476 3144 nihilo
1533 3086 1731 3145 minus
1800 3096 2087 3145 secuntur
2139 3076 2255 3147 ‘ad
2313 3075 2577 3163 aliquid'
2636 3096 2701 3145 et
2754 3088 2990 3146 similia.

700 3189 856 3247 Cum
899 3188 1078 3264 igitur
1116 3188 1178 3245 in
1223 3187 1339 3245 hac
1383 3188 1582 3245 classe
1627 3206 1863 3246 summo
1910 3206 2049 3246 cum
2095 3206 2402 3246 consensu
2444 3189 2609 3246 idem
2652 3190 2828 3265 ordo,
2887 3190 2991 3263 qui

697 3290 894 3347 nullus
941 3296 1052 3366 est,
1111 3287 1492 3363 adhibeatur,
1563 3287 1903 3347 Diomedes
1950 3298 2013 3345 et
2042 3288 2341 3348 Donatus
2385 3288 2571 3364 plane
2616 3288 2988 3362 discrepant.

697 3390 857 3449 Nam
900 3390 1070 3467 quod
1115 3396 1367 3463 uterque
1413 3390 1526 3447 sub
1574 3389 1752 3447 titulo
1798 3390 2105 3466 qualitatis
2148 3389 2228 3446 de
2273 3389 2387 3447 hac
2412 3388 2669 3445 materia
2700 3388 2983 3465 loquitur,

697 3509 823 3549 non
875 3491 1133 3548 multum
1178 3490 1363 3547 ualet.
1445 3490 1783 3548 Diomedes
1814 3500 2019 3549 cetera
2050 3490 2399 3549 accidentia
2428 3491 2547 3548 alio
2577 3490 2719 3547 loco
2750 3496 2989 3549 tractat.

698 3594 915 3669 Itaque
969 3610 1080 3668 per
1123 3608 1191 3649 se
1225 3591 1432 3667 negari
1476 3609 1602 3649 non
1647 3600 1853 3667 potest
1906 3592 2064 3651 hanc
2109 3593 2478 3668 particulam
2521 3591 2583 3648 in
2628 3591 2793 3648 sonte
2840 3591 2991 3648 Dio-

696 3694 894 3751 medis
939 3695 1164 3751 eodem
1207 3692 1348 3750 loco
1391 3692 1654 3768 positam
1686 3692 1869 3751 fuisse
1898 3700 2083 3769 atque
2116 3694 2283 3767 apud
2326 3693 2460 3750 illos
2497 3700 2639 3751 tres.
2708 3691 2991 3750 Donatus

694 3795 773 3853 ab
819 3796 1098 3853 omnibus
1141 3813 1216 3852 ea
1260 3812 1324 3852 re
1365 3794 1590 3871 differt,
1661 3795 1835 3869 quod
1881 3793 1991 3851 has
2036 3794 2271 3870 species
2317 3812 2453 3851 cum
2516 3794 2629 3851 illis
2676 3794 2991 3867 coniungit

694 3900 755 3956 in
800 3915 955 3974 quae
1007 3898 1249 3974 proprie
1303 3896 1672 3973 appellatiua
1726 3896 2097 3963 diuiduntur,
2166 3894 2503 3970 corporalia
2585 3903 2650 3953 et
2709 3895 2986 3969 incorpo-

696 4001 859 4079 ralia,
906 4008 968 4058 et
995 3977 1162 4058 ‘haec
1208 3999 1411 4056 omnia
1456 3999 1628 4073 quasi
1675 3997 1909 4073 species
1958 3995 2477 4071 appellatiuorum
2523 4002 2854 4070 enumerat,
2907 3988 2981 4046 cf.

696 4120 755 4175 p.
791 4103 930 4175 373,
967 4100 1072 4161 11:
1113 4089 1645 4175 ‘appellatiuorum
1688 4097 2004 4155 nominum
2049 4097 2286 4172 species
2315 4097 2541 4154 multae
2586 4081 2771 4155 sunt'.
2838 4090 2984 4147 Dio-

699 4202 916 4258 medes
958 4200 1078 4258 hoc
1124 4201 1510 4259 enuntiatum
1555 4216 1682 4256 non
1725 4200 2000 4275 praebet.
2076 4198 2575 4274 Disputationem
2618 4191 2845 4252 Donati
2886 4190 2987 4249 uel

659 4358 664 4362 .
697 4303 890 4377 magis
938 4304 1155 4361 ordine
1202 4320 1410 4360 carere
1454 4319 1634 4376 quam
1678 4301 1914 4359 illorum
1956 4300 2489 4376 grammaticorum
2531 4298 2723 4374 primo
2766 4296 2989 4353 obtutu

701 4404 974 4478 adparet.
1041 4404 1384 4461 Diomedes
1435 4403 1600 4461 solus
1649 4410 1818 4461 certa
1863 4404 2131 4477 quadam
2163 4402 2399 4459 ratione
2430 4398 2748 4457 materiam
2778 4398 2989 4471 dispo-

693 4506 824 4563 suit.
910 4508 965 4564 A
1008 4506 1250 4582 reliquis
1295 4505 1637 4581 speciebus,
1684 4522 1837 4580 quas
1883 4523 1940 4580 p.
1990 4506 2131 4572 322,
2180 4504 2487 4575 14—323,
2525 4502 2600 4559 16
2649 4502 2987 4562 enumerat,
