3459 5217
1582 452 1933 509 ...52-

617 633 962 707 elegantem
1026 633 1364 691 doctrinam
1431 647 1592 705 quae
1653 628 1955 687 erroribus
2016 626 2239 685 nimiae
2304 626 2661 685 eruditionis
2730 633 2895 682 caret

617 733 800 791 hodie
832 751 1077 809 quoque
1117 732 1539 807 intellegimus.

817 834 958 906 Quo
1004 844 1278 911 tempore
1309 840 1523 891 auctor
1562 831 1740 890 huius
1771 832 1915 889 artis
1946 830 2178 899 uixerit,
2226 846 2347 904 quo
2380 836 2653 902 tempore
2684 844 2894 884 recen-

616 935 816 993 siones
857 936 996 994 illae
1039 942 1208 993 ortae
1253 934 1387 1003 sint,
1425 931 1542 991 nisi
1571 932 1765 1007 uagis,
1810 939 1879 988 ut
1906 931 2061 989 solet
2103 930 2167 987 in
2192 926 2600 1003 grammaticis
2632 926 2890 993 LatiniS,

616 1035 832 1093 finibus
874 1035 1276 1094 circumscribi
1317 1052 1442 1092 non
1483 1041 1710 1109 potest.
1799 1032 2083 1090 Donatus
2127 1038 2283 1089 teste
2317 1029 2692 1101 Hieronymo
2725 1045 2889 1086 anno

618 1155 674 1211 p,
721 1135 788 1195 C.
838 1138 958 1195 354
1021 1136 1239 1195 floruit.
1347 1135 1670 1193 Faciamus
1718 1134 1831 1190 >illo
1896 1132 2131 1191 circiter
2190 1148 2353 1188 anno
2412 1127 2641 1187 Donati
2704 1136 2897 1186 artem

616 1236 1018 1311 conscriptam
1062 1254 1218 1314 esse,
1278 1236 1660 1295 redactorem
1705 1243 1825 1291 sex·
1858 1232 2057 1291 lustris
2100 1241 2284 1290 antea
2328 1231 2571 1309 uixisse,
2639 1230 2897 1287 totidem

615 1345 758 1394 ante
800 1337 960 1396 hunc
1004 1338 1405 1412 Anonymum‚
1474 1336 1600 1393 ueri
1664 1335 1857 1393 simile
1928 1343 2022 1393 est
2076 1334 2189 1391 sub
2237 1333 2418 1389 finem
2464 1332 2689 1391 saeculi
2734 1331 2897 1389 tertii

614 1448 808 1496 artem
848 1457 1210 1515 anonymam
1257 1438 1638 1514 conpositam
1683 1454 1819 1495 esse
1864 1468 1945 1476 —
1990 1436 2211 1493 eodem
2272 1434 2397 1491 fere
2442 1442 2716 1508 tempore
2765 1450 2887 1507 quo

615 1538 1005 1613 Cominianus
1069 1557 1317 1617 quoque
1359 1540 1524 1598 uixit.
1638 1538 1781 1596 Hoc
1845 1536 2071 1612 optime
2140 1536 2203 1593 in
2247 1552 2386 1593 eam
2438 1552 2565 1592 rem
2612 1534 2897 1609 quadrat,

615 1642 786 1714 quod
827 1642 1136 1716 utriusque
1182 1641 1332 1699 liber
1379 1640 1674 1699 simillima
1718 1638 1951 1696 ratione
1998 1638 2371 1712 conscriptus
2414 1644 2521 1695 est.

813 1933 884 1991 In
927 1932 1047 1991 fine
1092 1934 1532 1995 dissertationis
1577 1934 1846 2009 denique
1888 1933 2101 2008 paucis
2144 1932 2289 1989 mihi
2332 1932 2534 1991 uerbis
2580 1949 2895 2007 exponere

616 2034 810 2103 liceat,
869 2052 992 2109 quo
1059 2036 1312 2093 consilio
1373 2036 1592 2093 ductus
1637 2053 1755 2109 ego
1814 2034 1971 2091 hanc
2029 2033 2450 2107 quaestionem
2514 2026 2894 2092 instituerim.

619 2133 907 2192 Omnium
963 2135 1089 2192 fere
1133 2138 1394 2193 uirorum
1441 2138 1763 2193 doctorum
1809 2135 2151 2193 sententiae
2198 2153 2273 2191 ea
2318 2134 2379 2191 in
2422 2151 2487 2191 re
2533 2141 2896 2207 congruunt,

623 2236 789 2310 quod
834 2236 1178 2294 Remmium
1225 2236 1658 2295 Palaemonem
1715 2236 1861 2292 artis
1914 2235 2170 2293 formam
2211 2254 2247 2292 a
2290 2234 2544 2293 Graecis
2598 2253 2896 2310 gramma-

620 2336 750 2393 ticis
795 2336 1112 2395 oriundam
1153 2338 1398 2413 linguae
1431 2338 1689 2396 Latinae
1733 2338 2063 2412 adaptasse
2111 2345 2173 2393 et
2199 2335 2570 2411 posteriores
2613 2344 2897 2395 auctores

624 2436 726 2509 qui
773 2435 931 2495 hanc
973 2438 1288 2496 materiam
1331 2446 1744 2496 tractauerunt
1789 2454 2003 2493 omnes
2042 2436 2304 2493 Remmii
2352 2437 2625 2513 uestigiis
2655 2438 2897 2497 innixos

619 2554 754 2594 esse
799 2545 1034 2612 putant.
1123 2537 1462 2613 Principem
1519 2557 1658 2595 eum
1709 2538 1866 2595 inter
1909 2538 2340 2611 grammaticos
2383 2538 2635 2597 Latinos
2697 2540 2898 2597 locum

622 2638 956 2696 obtinuisse
1015 2646 1082 2695 ut
1135 2640 1646 2713 demonstremus,
1711 2658 1838 2697 non
1903 2638 2206 2697 sufficiunt
2264 2640 2615 2698 testimonia
2679 2641 2897 2716 quibus

619 2740 917 2813 expressis
984 2739 1185 2797 uerbis
1251 2743 1331 2799 de
1396 2758 1472 2799 eo
1528 2741 1823 2799 memoria
1883 2741 1965 2800 fit.
2052 2741 2183 2797 Iam
2243 2742 2412 2816 apud
2468 2743 2896 2817 grammaticos

621 2839 1026 2913 conpilatores
1071 2842 1300 2899 saeculi
1343 2842 1538 2916 quarti
1579 2859 1865 2918 magnum
1918 2839 2393 2915 fragmentorum
2440 2823 2762 2901 numerum
2806 2844 2896 2901 in-

619 2941 894 2998 uenimus
926 2958 1085 3017 quae
1109 2927 1540 2999 ‘Palaemonis'
1569 2942 1798 3000 nomini
1826 2943 2249 3001 inscribuntur.
2312 2943 2656 3015 Quominus
2690 2952 2897 3003 autem

618 3043 712 3101 his
755 3044 1107 3118 fragmentis
1153 3046 1244 3104 usi
1287 3054 1454 3103 recte
1483 3046 1632 3103 illud
1661 3063 1775 3103 nos
1806 3045 2089 3103 statuisse
2118 3046 2459 3121 probemuS‚
2509 3046 2896 3121 conpluribus

618 3147 812 3203 causis
855 3146 1214 3222 inpedimur.
1300 3147 1495 3205 Multa
1541 3164 1677 3205 esse
1722 3148 2011 3204 uidentur
2052 3148 2268 3222 quibus
2300 3147 2451 3205 haec
2479 3148 2897 3226 grammati00‚

617 3247 721 3323 qui
775 3247 1024 3305 Tiberio
1090 3247 1472 3323 Claudioque
1534 3247 1997 3323 imperatoribus
2062 3247 2293 3323 floruit,
2360 3248 2621 3305 tribuere
2686 3258 2897 3325 aperte

619 3356 912 3409 uetemur.
1001 3347 1328 3406 Praeterea
1384 3366 1510 3418 non
1568 3350 1761 3406 solum
1819 3356 1881 3405 et
1936 3366 2090 3423 quae
2135 3348 2515 3407 Palaemonis
2575 3366 2701 3405 non
2760 3367 2897 3408 esse

617 3449 906 3505 uidentur
951 3448 1104 3506 illius
1159 3448 1511 3524 fragmentis
1569 3450 1917 3507 intermixta
1969 3456 2110 3507 sunt
2153 3457 2218 3506 et
2260 3465 2447 3524 saepe
2490 3448 2555 3505 in
2600 3450 2687 3507 eis
2737 3468 2896 3525 quae

619 3549 998 3607 Palaemonis
1045 3566 1182 3607 esse
1225 3550 1512 3608 uidentur
1559 3550 1866 3627 propriam
1912 3550 2043 3608 eius
2098 3550 2430 3609 dictionem
2486 3568 2613 3608 non
2669 3553 2898 3628 reperi-

617 3667 767 3717 mm,
814 3650 930 3708 sed
973 3650 1172 3720 etiam,
1218 3650 1322 3707 ubi
1366 3651 1446 3708 de
1487 3670 1611 3711 una
1655 3650 1857 3727 aliqua
1894 3652 2149 3709 materia
2180 3650 2561 3711 Palaemonis
2592 3654 2895 3730 expositio

620 3770 657 3809 a
700 3751 942 3809 duobus
985 3751 1084 3809 uel
1134 3752 1403 3828 pluribus
1447 3752 1853 3827 grammaticis
1918 3752 2093 3810 nobis
2148 3754 2373 3811 tradita
2430 3760 2543 3828 est,
2610 3773 2895 3813 nonnun-

617 3869 798 3927 quam
844 3860 906 3909 et
949 3853 1150 3911 uerbis
1192 3860 1258 3910 et
1305 3854 1706 3931 dispositione
1751 3860 2071 3928 tantopere
2115 3870 2274 3927 quae
2328 3854 2545 3929 singuli
2610 3856 2899 3915 exhibent

615 3954 772 4009 inter
819 3970 886 4010 se
931 3954 1294 4028 discrepant,
1357 3962 1424 4013 ut
1463 3956 1728 4029 genuina
1772 3954 1965 4012 forma
2008 3954 2204 4031 qualis
2251 3953 2429 4013 fuerit
2470 3973 2683 4015 eruere
2740 3958 2895 4016 diffi-

619 4054 900 4111 cillimum
942 4054 1034 4111 sit.
1122 4054 1340 4129 Itaque
1390 4055 1761 4130 grauissimis
1808 4056 2004 4113 causis
2052 4056 2415 4134 inpedimur,
2488 4059 2810 4133 quominus
2855 4079 2894 4119 a

619 4152 1003 4212 Palaemonis
1068 4155 1416 4233 fragmentis
1484 4158 1680 4214 exorsi
1725 4157 2115 4231 inquiramus,
2180 4160 2493 4235 quomodo
2548 4160 2699 4219 haec
2759 4180 2899 4237 pars

622 4257 1060 4331 grammaticae
1105 4257 1366 4315 Latinae
1411 4266 1593 4316 aucta
1635 4266 1700 4316 et
1745 4259 1986 4317 exculta
2032 4260 2126 4319 sit.
2214 4260 2412 4318 Aliam
2478 4260 2637 4319 uiam
2701 4262 2897 4337 ingre-

617 4356 854 4414 diamur
918 4375 1174 4416 necesse
1241 4366 1353 4419 est.
1440 4358 1773 4417 Exordium
1834 4358 2200 4434 capiendum
2260 4368 2356 4419 est
2411 4380 2449 4419 a
2518 4361 2679 4420 libris
2742 4379 2897 4438 quos

616 4457 994 4531 grammatici
1057 4459 1282 4518 saeculi
1345 4459 1542 4535 quarti
1597 4459 2078 4536 conpilauerunt.
2164 4461 2395 4520 Fontes
2462 4478 2615 4536 quos
2680 4462 2763 4519 illi
2832 4463 2897 4521 in
