3459 5217
1397 486 1818 546 .—31-

507 680 630 720 non
680 679 754 720 ex
801 661 1026 720 eodem
1072 659 1240 718 fonte
1285 677 1360 718 ac
1390 667 1588 718 totum
1618 667 1804 735 caput
1834 658 1931 718 De
1960 675 2267 716 consensu
2297 657 2621 718 uerborum
2652 676 2790 718 cum

503 765 742 822 casibus
789 763 1154 830 Diomedem
1199 762 1533 837 sumpsisse
1577 761 1720 819 inde
1762 762 2073 837 probatur,
2118 761 2304 836 quod,
2359 777 2497 818 cum
2540 760 2787 818 relicum

501 873 687 940 caput
731 865 1066 922 secundum
1109 879 1290 921 casus
1357 862 1720 936 dispositum
1784 860 1879 935 sit,
1946 861 2065 918 hoc
2132 861 2271 918 loco
2331 878 2543 918 omnes
2608 880 2787 920 casus

499 973 852 1024 tractantur.
962 963 1118 1022 Nam
1179 963 1428 1020 nomina
1498 980 1657 1037 quae
1702 962 2060 1038 genetiuum
2105 977 2313 1020 casum
2358 962 2600 1020 trahunt
2644 963 2788 1020 ideo

500 1065 835 1124 Diomedes
879 1065 1098 1134 omisit,
1145 1065 1288 1141 quia
1331 1071 1518 1123 antea
1562 1065 1642 1121 de
1687 1064 1777 1122 eis
1824 1071 2049 1138 egerat.

698 1167 852 1224 Item
919 1184 992 1223 ex
1051 1166 1170 1224 hoc
1236 1167 1408 1223 fonte
1473 1166 1759 1224 deriuata
1822 1173 1963 1222 sunt
2008 1181 2169 1241 quae
2215 1163 2498 1223 Donatus
2543 1183 2603 1240 p.
2651 1166 2787 1234 379,

507 1270 743 1328 17—21
796 1277 859 1325 et
882 1268 1218 1326 Diomedes
1262 1286 1322 1342 p.
1349 1268 1492 1335 303,
1540 1269 1702 1326 3-6
1750 1267 2018 1334 tradunt,
2064 1266 2285 1341 quibus
2327 1265 2537 1324 litteris
2584 1266 2789 1323 omnia

500 1371 748 1428 nomina
789 1368 1166 1428 nominatiuo
1206 1368 1492 1442 singulari
1537 1367 1953 1426 terminentur.

699 1470 914 1546 Itaque
961 1470 1089 1527 fere
1119 1469 1324 1526 omnia
1355 1486 1516 1543 quae
1559 1469 1621 1526 in
1648 1467 1879 1526 Donati
1925 1467 2127 1543 capite
2163 1466 2260 1531 De
2290 1467 2535 1525 nomine
2579 1469 2789 1544 legun·-

502 1581 598 1629 tur
641 1572 808 1647 apud
851 1571 1218 1629 Diomedem
1266 1569 1544 1627 redeunt.
1655 1567 1859 1625 Pauca
1919 1574 2150 1625 restant
2202 1568 2419 1642 quibus
2483 1587 2645 1645 quae
2696 1589 2789 1627 re-

500 1673 852 1749 spondeant
907 1673 1074 1748 apud
1117 1671 1488 1729 Diomedem
1552 1687 1678 1728 non
1723 1670 2135 1729 inueniuntur.
2222 1669 2505 1728 Donatus
2545 1690 2605 1748 p.
2652 1675 2793 1742 376,

503 1776 743 1835 10———21
793 1775 874 1832 de
919 1773 1401 1831 extremitatibus
1443 1772 1762 1829 nominum
1804 1772 1949 1848 agit,
2017 1770 2120 1828 ubi
2180 1770 2264 1829 nil
2308 1771 2424 1829 nisi
2490 1773 2791 1832 catholica

499 1876 812 1934 nominum
873 1893 1030 1951 quae
1094 1873 1410 1931 uocalibus
1478 1873 1875 1930 terminantur
1948 1871 2287 1948 descripsit.
2422 1872 2791 1932 Huiusmodi

505 1985 690 2053 caput
755 1978 921 2052 apud
964 1976 1334 2033 Diomedem
1380 1973 1785 2048 desideratur,
1856 1973 2079 2050 quippe
2143 1975 2245 2049 qui
2306 1991 2533 2032 nomen
2592 1975 2789 2034 minus

504 2079 826 2154 diligenter
870 2077 1239 2138 tractauerit.
1332 2073 1510 2146 Quae
1540 2073 1701 2134 Don.
1747 2093 1806 2150 p.
1838 2076 1980 2145 379,
2030 2075 2273 2134 10-17
2306 2076 2587 2151 leguntur
2617 2077 2790 2152 quasi

504 2181 722 2237 rudera
768 2196 906 2237 esse
953 2178 1314 2254 ampliorum
1359 2177 1624 2254 capitum
1669 2176 1971 2236 uidentur.
2079 2176 2202 2235 Cur
2268 2177 2424 2234 haec
2488 2179 2792 2236 communi

505 2279 828 2338 Diomedis
873 2287 936 2337 et
980 2280 1212 2337 Donati
1255 2279 1410 2337 fonti
1451 2279 1873 2337 abiudicemus
1920 2295 2108 2336 causa
2148 2297 2277 2336 non
2321 2287 2430 2337 est.

701 2379 1011 2439 Octauum
1054 2381 1286 2438 Donati
1331 2388 1514 2456 caput
1557 2387 1653 2438 est
1696 2379 1805 2436 De
1853 2379 2303 2455 pronomine
2346 2398 2405 2456 p.
2440 2381 2579 2452 379,
2626 2383 2786 2441 23—-

507 2484 646 2552 381,
699 2482 797 2544 11.
884 2483 1085 2541 Pauca
1127 2491 1363 2540 tantum
1409 2491 1549 2539 sunt
1592 2481 1654 2537 in
1699 2481 1919 2556 quibus
1964 2480 2246 2538 Donatus
2307 2499 2443 2539 cum
2487 2481 2792 2540 Diomede

503 2592 814 2660 congruat.
902 2583 1240 2642 Diomedes
1285 2584 1454 2641 initio
1502 2583 1714 2659 capitis
1761 2602 1837 2640 ea
1886 2600 2043 2657 quae
2107 2583 2449 2658 pronomini
2482 2569 2792 2642 ’accidunt

503 2694 742 2755 tractat,
789 2685 852 2742 in
895 2703 1078 2760 quam
1124 2685 1588 2761 expositionem,
1643 2702 1781 2742 cum
1825 2684 2091 2758 alioquin
2132 2683 2422 2742 continua
2472 2684 2565 2759 sit,
2633 2684 2792 2742 inter

507 2775 804 2844 ‘ordinem
825 2775 846 2798 ³
875 2795 938 2844 et
979 2775 1220 2845 ‘casus'
1249 2788 1409 2844 duae
1456 2785 1793 2862 particulae
1823 2785 2087 2842 insertae
2135 2794 2293 2856 sunt,
2336 2782 2492 2861 quae
2523 2785 2639 2843 huc
2666 2795 2793 2843 rion

501 2889 811 2963 pertinent
857 2885 943 2962 (p.
990 2889 1132 2956 329,
1200 2889 1442 2946 22—-25
1491 2895 1553 2944 et
1597 2906 1658 2962 p.
1704 2889 1847 2954 329,
1915 2880 2210 2966 25—29),
2276 2887 2440 2962 prior
2484 2887 2563 2943 de
2609 2887 2793 2962 signi-

502 2989 782 3046 ficatibus
825 2987 1273 3063 pronominum,
1319 2989 1622 3063 posterior
1665 2989 1747 3046 de
1795 2987 2177 3064 possessiuiS.
2266 2989 2356 3046 Ex
2388 2987 2479 3045 his
2525 3007 2604 3046 ea
2632 3005 2793 3063 quae

502 3090 704 3165 priore
749 3090 888 3147 loco
933 3090 1216 3164 leguntur
1259 3091 1426 3165 apud
1471 3089 1785 3148 Donatum
1835 3084 1920 3165 (p.
1968 3091 2109 3166 370,
2154 3091 2463 3167 30-380,
2516 3091 2693 3152 2÷5.
2726 3083 2792 3166 6)

502 3193 782 3250 redeunt.
889 3192 1067 3251 Haec
1131 3193 1298 3268 apud
1340 3191 1713 3250 Diomedem
1768 3193 1904 3249 loco
1966 3209 2091 3248 non
2136 3199 2284 3268 apto
2328 3191 2585 3249 inueniri
2635 3190 2791 3259 dixi;

509 3295 657 3368 quid
703 3294 864 3352 enim
911 3295 1000 3352 eis
1042 3313 1181 3353 cum
1225 3290 1486 3352 ordine?
1531 3293 1654 3351 Cur
1682 3294 1801 3351 hoc
1840 3293 1974 3351 loco
2018 3311 2055 3352 a
2086 3292 2391 3352 Diomede
2420 3293 2625 3368 posita
2655 3291 2792 3362 sint,

503 3398 841 3471 intelleges,
909 3397 960 3454 si
1004 3396 1318 3454 Donatum
1362 3395 1720 3471 inspexeris,
1831 3395 2115 3454 Donatus
2168 3395 2232 3452 in
2282 3393 2667 3470 paragrapho
2712 3395 2793 3450 de

506 3497 814 3570 qualitate,
887 3505 1216 3572 postquam
1261 3495 1491 3552 finitam
1538 3503 1602 3551 et
1644 3494 1940 3553 infinitam
1986 3495 2159 3569 quasi
2206 3494 2569 3570 principales
2621 3493 2795 3551 diffe-

505 3597 734 3653 rentias
777 3597 1115 3673 proposuit,
1161 3596 1310 3654 alias
1350 3595 1777 3671 pronominum
1826 3595 2063 3672 species
2095 3603 2432 3671 enumerat,
2478 3612 2659 3671 quam
2690 3613 2793 3651 ex-

509 3697 876 3771 positionem
923 3698 1144 3754 eadem
1174 3697 1412 3754 ratione
1458 3696 1689 3755 institui
1733 3705 1919 3773 atque
1965 3715 2100 3754 eam
2145 3713 2303 3774 quae
2346 3696 2409 3753 in
2452 3696 2653 3772 capite
2698 3696 2793 3754 De

505 3795 751 3852 nomine
821 3803 1027 3854 exstat
1089 3797 1400 3854 monuisse
1471 3798 1617 3856 satis
1683 3797 1903 3858 habeo,
2012 3797 2083 3855 In
2146 3797 2262 3854 hac
2326 3797 2795 3854 enumeratione

506 3897 964 3972 pronominibus
1010 3914 1168 3972 quae
1208 3906 1455 3972 gentem
1499 3898 1841 3973 significant
1886 3905 2005 3957 ete.
2059 3899 2441 3973 praecedunt
2484 3897 2793 3974 praeposi·

503 4001 630 4056 tiua
673 4007 735 4056 et
778 3999 1177 4060 subiunctiua.
1282 3999 1376 4056 Ex
1434 4000 1625 4058 altero
1686 3999 1867 4074 igitur
1932 3999 2105 4056 fonte
2173 3999 2511 4058 Diomedes
2577 3999 2796 4074 petiuit

503 4117 661 4176 quae
706 4102 787 4159 de
829 4100 1250 4158 accidentibus
1296 4101 1558 4160 disserit.
1646 4100 1739 4157 Ex
1784 4099 1903 4158 hoc
1945 4101 2127 4158 etiam
2172 4118 2231 4162 u.
2258 4102 2524 4170 20—22,
2566 4089 2795 4156 ‘tantus

500 4202 600 4259 ille
645 4190 771 4260 est'
815 4202 895 4258 de
931 4201 1156 4274 ‘ordine
1200 4202 1648 4277 pronominum,
1715 4202 1753 4258 i.
1802 4221 1856 4260 e.
1903 4202 1985 4258 de
2030 4200 2463 4277 praepositiuis
2522 4209 2585 4257 et
2651 4202 2792 4259 sub-

497 4303 798 4361 iunctiuis,
824 4303 1142 4360 fluxerunt.
1211 4302 1372 4360 Tum
1417 4303 1676 4360 alterum
1720 4302 1955 4359 fontem
1986 4302 2271 4377 inspexit,
2315 4302 2377 4358 in
2408 4317 2530 4376 quo
2562 4308 2623 4356 et
2657 4300 2792 4375 ipso

498 4404 912 4479 praepositiua
971 4412 1036 4462 et
1098 4403 1478 4461 subiunctiua
1536 4411 1994 4462 conmemorata
2058 4411 2235 4460 erant
2302 4409 2365 4460 et
2429 4409 2570 4476 post
2640 4401 2797 4458 haec

500 4505 653 4562 aliae
701 4505 936 4580 species
981 4505 1423 4580 pronominum.
1513 4505 1624 4563 Illa
1655 4505 1991 4563 Diomedes
2035 4503 2257 4581 omisit,
2293 4502 2448 4560 haec
2493 4502 2583 4560 eis
2630 4519 2791 4577 quae
