3459 5217
1639 471 1991 525 ...34-

893 649 1094 710 Diom.
1139 668 1198 725 p.
1252 651 1391 720 407,
1438 649 1642 709 8--10
1687 671 1772 698 ετ-
1814 647 1975 706 Don.
2023 664 2082 721 p.
2130 647 2271 720 385,
2318 646 2558 705 17-21

989 797 1023 827 „
1154 797 1188 827 ,‚
1257 753 1402 818 406,
1446 752 1651 810 4-18
1698 771 1783 798 =
1891 794 1927 825 „
2039 793 2077 827 ‚‚
2120 749 2262 822 385,
2309 747 2615 815 21-386,
2660 748 2719 804 6.

669 856 741 914 In
799 854 915 912 hac
979 852 1272 929 particula
1337 850 1745 909 describenda
1805 856 2025 906 neuter
2086 847 2271 906 fontis
2340 847 2617 906 ordinem
2684 863 2961 904 seruasse

667 957 932 1014 uidetur.
1019 953 1356 1010 Diomedes
1403 950 1587 1008 etiam
1632 950 1825 1008 altero
1875 949 2027 1006 libro
2076 965 2223 1006 usus
2260 955 2370 1023 est,
2418 965 2493 1006 ex
2521 965 2641 1023 quo
2672 947 2963 1005 nonnulla

667 1056 970 1133 inspersit.
1060 1055 1280 1111 Restat
1321 1060 1392 1110 ut
1437 1053 1519 1109 de
1556 1067 1680 1108 uno
1724 1051 1863 1108 loco
1907 1050 2228 1126 loquamur
2272 1047 2501 1122 (Diom.
2531 1067 2591 1124 p.
2625 1049 2766 1117 404,
2799 1051 2961 1108 26-

669 1160 748 1216 32
794 1179 878 1206 ==
924 1156 1083 1215 Don.
1133 1173 1196 1231 p.
1231 1154 1373 1230 385,
1412 1152 1700 1228 12—17),
1740 1151 1845 1208 ubi
1892 1153 1973 1208 de
2018 1150 2325 1209 aduerbiis
2370 1151 2599 1226 primae
2644 1141 2981 1225 positionis*

667 1266 729 1315 et
773 1257 1126 1315 deriuatiuis
1173 1255 1372 1330 agitur
1415 1263 1602 1328 atque
1649 1253 1975 1328 exponitur
2015 1271 2049 1308 e
2089 1253 2309 1327 quibus
2356 1251 2626 1327 partibus
2671 1251 2975 1324 orationis·

669 1359 966 1416 aduerbia
1007 1365 1357 1416 nascantur.
1446 1355 1941 1414 Enumerationis
1988 1355 2267 1411 ordinem
2313 1353 2597 1411 Donatus
2651 1354 2963 1410 meliorem

667 1461 939 1536 praebet.
1021 1458 1207 1516 Hanc
1250 1456 1610 1532 particulam
1656 1475 1692 1514 a
1738 1456 1962 1514 Scauro
2022 1455 2315 1529 originem
2371 1456 2599 1512 ducere
2658 1472 2783 1512 non
2839 1462 2963 1510 tam

667 1563 817 1619 inde
847 1558 1216 1635 collegerim,
1265 1559 1436 1634 quod
1467 1575 1543 1616 ea
1591 1575 1753 1631 quae
1798 1557 1965 1632 apud
1997 1555 2363 1618 Diomedem
2409 1555 2501 1612 his
2544 1556 2743 1614 uerbis
2787 1573 2963 1631 prae·

668 1663 898 1720 cedunt
943 1661 1100 1717 illius
1151 1659 1526 1733 grammatici
1574 1666 1716 1716 sunt
1763 1687 1838 1699 —
1885 1675 2028 1715 nam
2070 1658 2508 1715 sententiarum
2538 1674 2809 1714 conexus
2840 1675 2963 1713 non

674 1753 1040 1822 obseruatur
1085 1791 1188 1830 --,
1255 1762 1368 1818 sed
1414 1761 1477 1817 id
1523 1779 1597 1819 ea
1643 1777 1706 1816 re
1754 1759 2025 1837 efficitur,
2070 1761 2239 1834 quod
2282 1777 2508 1816 nomen
2552 1759 2860 1835 proprium
2904 1766 2969 1815 et

669 1882 895 1923 nomen
959 1861 1394 1937 appellatiuum
1450 1870 1510 1918 et
1571 1860 1943 1918 uocabulum
1990 1860 2435 1918 discernuntur.
2524 1859 2711 1918 Cuius
2755 1861 2970 1917 distin-

677 1966 896 2023 ctionis
926 1964 988 2020 in
1018 1963 1246 2038 reliquo
1278 1962 1509 2020 Donati
1551 1963 1751 2038 capite
1796 1969 1860 2017 et
1902 1961 1990 2017 eis
2036 1979 2194 2036 quae
2238 1963 2409 2037 apud
2437 1960 2801 2019 Diomedem
2831 1962 2970 2019 huic

675 2067 1059 2141 respondent
1100 2082 1401 2140 nusquam
1443 2063 1674 2122 mentio
1711 2048 1812 2131 fit,
1865 2063 2049 2120 immo
2105 2064 2165 2118 in
2219 2063 2386 2120 nulla
2441 2063 2735 2138 particula
2788 2080 2969 2139 quam

678 2169 1004 2241 Anonymo
1066 2165 1179 2240 ipsi
1246 2164 1558 2222 tribuimus
1599 2195 1683 2205 —
1727 2165 1938 2222 Scauri
1991 2163 2151 2221 hanc
2206 2165 2549 2222 doctrinam
2602 2165 2969 2238 peculiarem

683 2285 820 2327 esse
887 2284 1067 2342 supra
1127 2267 1336 2323 monui
1389 2260 1472 2341 (p.
1526 2261 1589 2342 7)
1617 2261 1655 2326 1.
1743 2264 1957 2339 Itaque
2012 2264 2133 2322 hoc
2190 2264 2400 2321 Scauri
2453 2265 2857 2339 fragmentum
2906 2264 2967 2321 in

682 2369 988 2428 communi
1035 2368 1204 2425 fonte
1235 2367 1603 2424 Diomedem
1641 2373 1704 2422 et
1732 2365 2047 2424 Donatum
2078 2366 2415 2440 repperisse
2456 2367 2821 2424 sumendum
2851 2373 2966 2425 est.

886 2469 1118 2527 Donati
1158 2469 1545 2526 undecimum
1591 2475 1777 2542 caput
1820 2475 1917 2524 est
1952 2467 2059 2523 De
2099 2467 2503 2542 participio
2552 2485 2609 2542 p.
2640 2469 2778 2538 387,
2810 2468 2969 2524 18-

681 2573 824 2640 388,
857 2573 955 2630 26.
1045 2569 1381 2644 Diomedes
1425 2587 1551 2626 non
1591 2568 1983 2642 Anonymum
2026 2570 2138 2625 sed
2175 2569 2428 2626 alterum
2471 2568 2704 2626 fontem
2746 2574 2805 2626 et
2841 2568 2970 2642 qui-

679 2674 842 2743 dem,
889 2672 954 2728 ni
1000 2670 1190 2739 fallor,
1236 2671 1503 2728 eundem
1549 2688 1731 2746 quem
1776 2671 1839 2726 in
1884 2669 2086 2746 capite
2147 2671 2229 2727 de
2269 2671 2459 2728 uerbo
2504 2670 2673 2739 adiit,
2722 2687 2844 2746 qua
2890 2670 2969 2725 de

679 2791 868 2832 causa
911 2789 1108 2848 pauca
1152 2773 1320 2847 apud
1362 2789 1500 2828 eum
1541 2789 1678 2830 cum
1722 2772 1951 2828 Donati
1997 2772 2199 2828 uerbis
2246 2772 2671 2830 consentiunt:

763 2874 966 2934 Diom.
1010 2892 1070 2949 p.
1114 2875 1258 2941 401,
1305 2875 1616 2940 26—402,
1664 2875 1700 2932 2
1746 2891 1830 2918 ==
1874 2873 2033 2932 Don.
2081 2891 2139 2948 p.
2192 2874 2329 2942 387,
2377 2875 2684 2940 28—388,
2734 2875 2769 2930 2

845 3021 878 3045 ,,
1016 3019 1053 3049 ,,
1123 2976 1262 3048 402,
1310 2976 1554 3033 23--29
1744 2997 1829 3022 z
1936 3018 1970 3048 ‚,
2092 3018 2123 3048 „
2195 2975 2332 3043 388,
2382 2976 2475 3032 12.
2524 2976 2599 3032 13
2635 2977 2699 3040 -l-
2732 2974 2829 3032 21.
2869 2975 2946 3031 22

851 3120 886 3150 ,,
1026 3122 1061 3153 ,,
1128 3078 1269 3152 403,
1319 3079 1373 3136 7.
1421 3077 1458 3134 8
1752 3097 1837 3122 Ξ
1942 3121 1976 3150 ,,
2094 3120 2128 3150 ,,
2200 3076 2339 3144 388,
2386 3077 2485 3151 22,
2534 3075 2630 3134 23.

882 3177 1331 3234 Duodecimum
1376 3175 1608 3234 Donati
1653 3184 1839 3250 caput
1881 3184 1975 3232 est
2014 3175 2122 3232 De
2162 3176 2682 3233 coniunctione
2726 3193 2782 3250 p.
2832 3177 2971 3243 388,
3067 3218 3072 3223 -

683 3280 990 3352 28—389,
1020 3281 1116 3337 17.
1204 3278 1543 3334 Diomedes
1589 3277 1913 3334 maximam
1956 3284 2194 3350 partem
2240 3293 2275 3332 e
2322 3275 2703 3333 Palaemonis
2748 3283 2808 3332 et
2854 3274 2974 3331 Co-

681 3379 931 3436 miniani
977 3379 1136 3436 libris
1181 3379 1402 3437 hausit.
1493 3375 1649 3435 Cum
1693 3377 1943 3436 Donato
1986 3378 2140 3435 haec
2182 3377 2477 3452 particula
2523 3377 2825 3452 congruit:

982 3479 1182 3539 Diom.
1227 3498 1288 3554 p.
1331 3481 1474 3554 416,
1522 3479 1767 3540 24—27
1804 3502 1889 3528 =
1929 3480 2086 3537 Don.
2131 3498 2189 3555 p.
2238 3481 2377 3554 389,
2415 3481 2677 3539 13—17.

884 3580 1201 3638 Decimum
1267 3583 1508 3639 tertium
1571 3589 1759 3657 caput
1804 3580 2035 3638 Donati
2093 3589 2189 3638 est
2246 3580 2352 3638 De
2410 3581 2976 3656 praepositione

881 3869 902 3908 1
937 3873 1251 3922 Kummrow
1287 3872 1322 3925 l.
1359 3873 1396 3922 1.
1435 3888 1486 3939 p.
1525 3873 1558 3924 6
1598 3873 1732 3922 hanc
1792 3873 2111 3938 particulam
2167 3873 2303 3922 inter
2356 3873 2645 3936 fragmenta
2680 3873 2862 3924 Scauri
2899 3889 2976 3922 re-

685 3960 844 4025 cepit.
917 3962 1104 4025 Meyer
1143 3961 1180 4012 1.
1217 3960 1254 4012 l.
1290 3977 1342 4026 p.
1387 3961 1451 4011 19
1490 3968 1688 4011 tantum
1726 3962 1891 4010 uerba
1928 3962 2103 4011 Diom.
2142 3978 2195 4027 p.
2232 3962 2357 4028 403,
2382 3962 2593 4014 20—26
2632 3962 2828 4012 Scauro
2864 3963 2976 4010 uin-

683 4051 842 4110 dicat,
880 4065 996 4098 nam
1032 4048 1110 4099 ‘et
1147 4049 1285 4099 inter
1323 4065 1378 4099 se
1411 4050 1697 4100 cohaerent
1736 4057 1789 4099 et
1826 4050 2101 4100 Diomedis
2155 4051 2365 4116 propria
2402 4052 2542 4116 apud
2600 4052 2761 4100 alium
2815 4067 2977 4114 gram-

685 4139 927 4188 maticum
968 4154 1076 4187 non
1130 4144 1415 4190 recurrunt.
1489 4140 1626 4188 Nam
1683 4138 1806 4188 inde
1863 4155 1893 4188 a
1929 4137 2052 4204 403,
2090 4138 2159 4188 26
2207 4155 2324 4187 cum
2374 4140 2665 4188 Cominiani
2722 4140 2976 4204 doctrina,

683 4227 963 4276 maximam
1001 4227 1154 4276 etiam
1193 4233 1394 4292 partem
1433 4225 1574 4293 (180,
1616 4227 1708 4293 29)
1749 4243 1864 4276 cum
1915 4227 2091 4276 uerbis
2140 4229 2402 4278 consentit
2439 4229 2743 4294 DiomedeS‚
2800 4229 2873 4278 ita
2921 4233 2978 4275 ut

687 4316 820 4364 haec
857 4315 1052 4364 Scauro
1090 4331 1194 4364 non
1232 4315 1333 4364 sint
1371 4315 1694 4366 tribuenda’.
1744 4318 1828 4364 De
1866 4332 2119 4366 consensu
2156 4333 2273 4367 cum
2301 4317 2611 4366 Cominiano
2638 4317 2819 4366 confer
2846 4316 2979 4365 infra

686 4420 742 4469 p-
780 4403 849 4455 49
889 4419 1004 4469 sqq.
1079 4405 1464 4466 Argumentum
1513 4421 1542 4454 e
1603 4406 1841 4456 doctrina
1888 4406 2126 4471 petitum,
2176 4421 2280 4472 quo
2332 4421 2432 4468 ego
2480 4413 2615 4473 utor,
2657 4405 2724 4456 V.
2765 4407 2832 4457 D.
2872 4421 2979 4454 non

689 4492 1006 4543 Obseruauit.
