3459 5217
1681 437 2035 492 ...20-

713 611 1052 672 Diomedes
1111 629 1262 670 sane
1319 612 1647 689 copiosius,
1719 621 2057 692 enumeret,
2128 617 2294 673 unde
2358 614 2631 690 epitheta
2689 626 3002 675 sumantur

712 713 813 787 (cf.
857 715 1059 772 Diom.
1093 733 1149 791 p.
1182 716 1322 788 323,
1360 717 1559 775 7——16
1607 724 1667 774 et
1713 716 1967 792 Dionys,
2000 735 2057 792 p.
2090 718 2231 790 636,
2266 713 2558 791 19-24).
2628 716 2798 776 Solus
2828 736 3001 793 prae-

711 824 880 874 terea
922 815 1258 873 Diomedes
1302 817 1659 892 perileptica
1712 825 1777 874 et
1829 817 2155 892 periectica
2214 818 2465 876 tradidit
2517 815 2598 894 (p.
2648 819 2788 893 322,
2837 821 3002 878 23-

714 910 848 993 25);
895 917 1063 990 apud
1109 915 1467 992 Dionysium
1513 919 1737 974 eadem
1779 918 2063 992 leguntur
2106 915 2191 994 (p.
2228 921 2368 993 637,
2408 920 2497 977 13.
2532 919 2612 978 14
2655 926 2716 976 et
2753 922 2845 978 17.
2884 917 3002 994 18).

712 1017 1032 1077 Consensu
1078 1035 1262 1092 quem
1306 1016 1466 1075 inter
1494 1018 1863 1076 Diomedem
1896 1028 1958 1076 et
1989 1019 2346 1094 Dionysium
2389 1027 2629 1077 exstare
2672 1020 2815 1078 satis
2858 1038 2999 1096 pro-

709 1118 986 1177 bauimus
1026 1118 1482 1176 demonstratur
1513 1119 1883 1177 Diomedem
1929 1120 2087 1180 hanc
2120 1121 2490 1196 disponendi
2535 1120 2834 1178 rationem
2876 1139 3004 1178 non

709 1219 905 1295 ipsum
949 1217 1350 1293 excogitasse.
1443 1218 1598 1277 Cum
1643 1239 1811 1295 uero,
1877 1230 1945 1279 ut
1988 1240 2169 1298 supra
2213 1223 2491 1298 exposui,
2559 1220 2895 1280 Diomedes
2941 1223 3002 1280 in

711 1321 830 1380 hac
873 1338 1118 1405 quoque
1164 1329 1336 1395 parte
1376 1321 1452 1379 ab
1489 1322 1808 1398 Anonymo
1848 1325 2141 1401 pendeat,
2186 1324 2264 1380 ab
2310 1324 2534 1382 eodem
2578 1325 3001 1400 etiamdispo·

712 1421 996 1480 sitionem
1039 1422 1290 1497 recepit.
1378 1423 1592 1498 Itaque
1637 1422 1733 1481 hic
1779 1423 1840 1480 in
1891 1424 2107 1482 ordine
2165 1441 2361 1482 rerum
2412 1433 2799 1483 tractatarum
2844 1427 3001 1484 duas

711 1522 940 1588 classes
984 1522 1302 1598 habemuS,
1363 1523 1614 1580 alteram
1660 1540 1694 1579 e
1739 1522 2013 1594 Charisii,
2066 1523 2371 1601 Anonymi
2414 1525 2755 1595 Bobiensis,
2822 1526 3003 1584 Dosi-

711 1624 856 1694 thei,
923 1624 1174 1683 alteram
1219 1641 1254 1682 e
1298 1622 1572 1700 Dionysii
1620 1623 1873 1682 Thracis
1932 1633 1995 1682 et
2041 1625 2359 1684 Diomedis
2402 1644 2727 1687 consensu.
2815 1627 3004 1698 Quod

713 1724 992 1783 Donatus
1041 1725 1200 1782 hanc
1245 1725 1600 1800 particulam
1651 1725 1714 1782 in
1758 1725 1937 1783 aliam
1983 1726 2237 1784 sormam
2281 1726 2539 1802 redegit,
2603 1727 2723 1785 hoc
2768 1728 3004 1785 ratione

711 1843 834 1901 qua
880 1827 1240 1902 opusculum
1287 1843 1462 1884 suum
1508 1826 1830 1902 conposuit
1870 1828 2255 1902 poscebatur.
2342 1828 2403 1887 Si
2444 1827 2626 1904 igitur
2677 1846 2871 1903 aeque
2915 1837 3006 1886 at-

712 1943 832 2002 que
880 1927 962 1983 illi
1016 1934 1139 1984 tres
1188 1933 1474 2001 quattuor
1527 1905 1763 1984 tantum
1818 1927 2215 1986 deriuationis
2268 1928 2492 1988 formas
2538 1930 2769 2005 recepit
2814 1937 2875 1986 et
2923 1930 3004 1985 de

711 2027 1245 2103 conparationibus
1307 2026 1570 2102 propria,
1635 2036 1700 2086 ut
1748 2028 1834 2086 ita
1883 2029 2101 2102 dicam,
2148 2029 2531 2106 paragrapho
2578 2030 2719 2108 egit,
2766 2047 2843 2087 ex
2889 2028 3005 2086 hoc

711 2145 1017 2186 consensu
1057 2128 1402 2204 propiorem
1451 2145 1755 2186 conexum
1802 2130 2170 2189 concludere
2204 2149 2330 2188 non
2373 2132 2701 2192 debemus,

738 2306 743 2311 ι
910 2229 1012 2286 Ad
1055 2228 1309 2286 alterum
1382 2228 1705 2287 discrimen
1748 2247 1847 2288 me
1900 2240 2217 2300 conuerto,
2263 2233 2432 2307 quod
2476 2232 2635 2290 inter
2681 2232 2837 2290 duas
2878 2230 3005 2288 illas

715 2332 942 2389 classes
987 2330 1404 2388 obseruamUS.
1494 2329 1831 2388 Diomedes
1897 2331 2057 2389 inter
2107 2333 2296 2390 uerba
2337 2333 2639 2408 Anonymi
2681 2331 3004 2408 particulas

712 2450 784 2490 ex
830 2432 1084 2490 aliorum
1126 2430 1653 2506 grammaticorum
1698 2431 1858 2490 libris
1887 2433 2109 2508 petitas
2138 2433 2407 2502 inseruit,
2454 2451 2705 2510 quarum
2744 2431 3007 2506 uestigia
3076 2442 3084 2451 ·

713 2532 877 2607 apud
935 2531 1256 2590 Donatum
1324 2549 1570 2607 quoque
1629 2533 1995 2592 inuenimuS.
2084 2533 2399 2592 Eiusmodi
2460 2542 2552 2592 est
2597 2534 2808 2592 Scauri
2864 2534 3009 2592 illud

714 2632 1144 2708 fragmentum,
1195 2633 1366 2691 cuius
1395 2634 1578 2708 -apud
1623 2633 1891 2708 reliquos
1938 2643 2059 2692 tres
2104 2635 2323 2694 notitia
2364 2653 2490 2694 non
2519 2636 2794 2718 occurrit.
2860 2634 3009 2692 Dio-

711 2735 956 2792 medem
1012 2751 1208 2808 aeque
1255 2751 1328 2792 ac
1372 2732 1684 2800 Donatum
1727 2734 1889 2792 illam
1929 2734 2282 2810 particulam
2326 2753 2452 2793 non
2492 2755 2528 2792 e
2571 2737 2819 2812 proprio
2857 2736 3007 2792 libro

713 2835 1071 2910 sumpsisse,
1141 2835 1256 2892 sed
1320 2835 1381 2892 in
1445 2836 1754 2894 communi
1790 2835 1991 2893 'fonte
2058 2855 2197 2894 cum
2263 2837 2568 2913 Anonymi
2625 2838 3007 2913 expositione

663 2949 672 2958 ·
712 2937 1103 2994 coniunctam
1148 2936 1486 3012 repperisse
1533 2944 1767 2995 certum
1811 2954 1951 2996 esse
1994 2937 2139 2995 mihi
2183 2938 2441 2997 uidetur.
2528 2939 2706 2997 Idem
2746 2938 2914 3009 cadit
2942 2937 3005 2994 in

714 3021 1109 3095 Palaemonis
1155 3037 1562 3112 fragmentum
1616 3039 1696 3096 de
1744 3029 2082 3096 differentia
2126 3038 2371 3096 ablatiui
2424 3047 2489 3097 et
2533 3039 2771 3115 septimi
2816 3055 3007 3099 casus,

712 3137 853 3196 Hoc
899 3139 1087 3196 etiam
1131 3140 1295 3213 apud
1346 3139 1732 3214 Anonymum
1765 3139 2133 3196 Bobiensem
2166 3147 2228 3197 et
2256 3138 2624 3197 Dositheum
2667 3139 3009 3216 deprehen-

714 3239 934 3317 dimuS,
979 3241 1091 3298 sed
1137 3238 1420 3297 Charisio
1465 3241 1664 3299 deest.
1733 3239 1955 3316 Itaque
2000 3240 2064 3296 in
2094 3241 2398 3297 communi
2427 3240 2597 3297 fonte
2642 3258 2764 3316 quo
2796 3240 2857 3297 hi
2890 3249 3011 3298 tres

712 3341 804 3399 usi
847 3348 989 3398 sunt
1032 3357 1160 3398 non
1205 3340 1459 3414 exstitit,
1508 3340 1574 3397 id
1619 3342 1787 3415 quod
1830 3359 1973 3399 mox
2022 3341 2359 3399 accuratius
2403 3341 2693 3402 tractabo·

914 3441 1164 3499 Deinde
1210 3441 1326 3499 loci
1369 3441 1618 3516 quidam
1662 3449 1820 3510 sunt,
1864 3441 1971 3499 ubi
2014 3442 2077 3498 in
2116 3449 2369 3516 utraque
2400 3443 2596 3500 classe
2627 3443 2885 3500 eaedam
2915 3459 3011 3498 res

713 3544 1042 3602 traduntur
1070 3542 1265 3601 isdem
1297 3521 1627 3611 sententiis,
1655 3542 1858 3600 uerbis
1891 3542 2177 3617 singulari
2210 3545 2481 3618 quodam
2509 3543 2697 3600 modo
2729 3542 3007 3602 diuersis·

719 3642 1024 3702 Charisius
1083 3635 1170 3722 (p.
1220 3647 1357 3713 154,
1423 3640 1544 3718 11),
1602 3643 1805 3700 Anon.
1862 3643 2012 3702 Bob.
2056 3639 2139 3719 (p.
2182 3642 2323 3721 534,
2381 3641 2503 3721 20),
2548 3643 2882 3700 Dositheus
2926 3636 3013 3722 (p.

717 3747 862 3812 392,
913 3743 1018 3818 10)
1065 3744 1468 3819 scripserunt:
1524 3731 1822 3800 ‘adicitur
1866 3733 1903 3802 a
1947 3744 2427 3819 diligentioribus
2479 3745 2662 3802 etiam
2723 3743 3012 3819 septimus

727 3831 962 3916 casus',
1028 3845 1368 3904 Diomedes
1431 3838 1516 3922 (p.
1565 3847 1707 3924 317,
1756 3839 1866 3920 23)
1932 3845 2046 3905 sic:
2110 3834 2415 3904 ‘ceterum
2480 3847 2560 3903 ab
2626 3846 2719 3904 his
2772 3847 3019 3920 quidam

720 3947 1086 4022 discrepant,
1145 3947 1249 4022 qui
1305 3947 1486 4004 etiam
1560 3947 1881 4022 septimum
1948 3963 2158 4004 casum
2218 3948 2565 4022 adsumunt,
2629 3947 2732 4022 qui
2777 3956 2871 4004 est
2913 3948 3013 4006 ab·

718 4048 907 4106 latiuo
975 4032 1230 4123 similis³,
1297 4046 1576 4105 Donatus
1639 4045 1725 4122 (p.
1791 4049 1933 4124 377,
1990 4042 2098 4124 20)
2164 4046 2279 4108 sic:
2341 4035 2623 4120 ‘quidam
2692 4050 3022 4106 adsumunt

717 4149 898 4207 etiam
944 4148 1266 4224 septimum
1307 4165 1530 4217 casum,
1577 4148 1681 4223 qui
1715 4156 1813 4206 est
1857 4148 2132 4206 ablatiuo
2166 4133 2423 4208 similis'.
2474 4180 2547 4190 —
2598 4148 2759 4206 Tum
2792 4147 3021 4206 Charis.

717 4269 774 4326 p.
823 4252 962 4328 155,
1023 4250 1117 4324 13,
1187 4250 1391 4309 Anon.
1447 4248 1600 4308 Bob.
1647 4268 1715 4325 p.
1768 4251 1911 4318 535,
1959 4251 2056 4324 21,
2102 4247 2340 4307 Dosith.
2386 4267 2442 4323 p.
2490 4249 2630 4318 395,
2680 4250 2785 4309 11:
2844 4238 3022 4306 ‘illud

720 4371 868 4410 uero
910 4354 1258 4413 memineris
1304 4356 1474 4431 quod
1520 4372 1764 4430 semper
1807 4354 2257 4412 deminutiones
2302 4354 2628 4430 generibus
2674 4353 2798 4410 suis
2849 4354 3016 4410 unde

714 4453 986 4512 oriuntur
1034 4464 1398 4526 consonant,
1457 4473 1659 4530 pauca
1704 4455 2026 4514 dissonant
2042 4440 2080 4530 ³,
2147 4454 2349 4514 Diom.
2401 4471 2458 4529 p.
2505 4454 2646 4528 326,
2694 4455 2792 4523 26,
2843 4450 3005 4521 Don.
