3459 5217
1672 990 1921 1051 VITA.

851 1173 1046 1233 Natus
1077 1193 1209 1232 sum
1235 1175 1398 1232 Felix
1435 1175 1590 1232 Fritz
1621 1175 1773 1237 Otto
1806 1176 2019 1233 Boelte
2062 1176 2258 1251 pridie
2303 1174 2462 1234 Non.
2505 1178 2659 1247 Aug.
2707 1192 2758 1231 a.
2794 1173 2851 1231 h.
2886 1190 2931 1231 s,

653 1276 853 1332 LXIII
899 1276 960 1332 in
989 1276 1220 1351 oppido
1244 1275 1816 1351 Mecklenburgensi
1862 1278 1959 1334 cui
1995 1296 2221 1335 nomen
2268 1284 2365 1334 est
2394 1274 2933 1334 Grevesmuehlen.

658 1376 950 1434 Parentes
993 1378 1334 1435 carissimos
1379 1378 1724 1452 Augustum
1771 1386 1833 1435 et
1876 1378 2133 1435 Mariam
2178 1395 2212 1434 e
2256 1386 2440 1451 gente
2486 1376 2690 1434 Pelzer
2733 1375 2936 1432 adhuc

654 1479 1010 1553 superstites
1055 1479 1400 1554 gratissima
1443 1480 1735 1537 memoria
1780 1481 1933 1538 colo,
2026 1479 2196 1537 Fidei
2242 1478 2525 1536 addictus
2572 1494 2705 1534 sum
2749 1494 2935 1534 euan-

653 1579 905 1653 gelicae.
996 1578 1328 1652 Postquam
1375 1579 1714 1637 domestica
1759 1579 2135 1638 institutione
2179 1587 2371 1655 pater,
2440 1578 2531 1635 uir
2585 1577 2729 1634 iuris
2792 1595 2936 1633 con-

655 1681 863 1747 sultuS‚
907 1678 1222 1756 puerulum
1266 1697 1363 1735 me
1396 1680 1692 1756 instruxit,
1744 1700 1798 1740 a.
1830 1681 1887 1740 h.
1922 1700 1968 1742 s,
2002 1680 2267 1738 LXXVI
2297 1680 2358 1737 in
2403 1678 2643 1736 tertiam
2674 1678 2933 1735 classem

653 1780 954 1854 gymnasii
999 1780 1046 1837 F
1053 1781 1393 1839 ridericiani
1436 1791 1713 1857 receptus
1760 1799 1912 1858 sum,
1963 1784 2133 1857 quod
2177 1791 2323 1839 tunc
2365 1790 2600 1837 rectore
2646 1779 2776 1834 uiro
2822 1777 2933 1833 hu-

653 1881 1002 1939 manissimo
1061 1881 1312 1939 Henseo
1376 1882 1609 1940 Suerini
1675 1882 1951 1940 florebat.
2048 1882 2247 1940 Huius
2314 1880 2561 1956 ingenio
2628 1880 2934 1955 incitatuS,

653 1999 791 2039 cum
836 2000 889 2040 a.
937 1982 994 2042 h.
1039 2002 1085 2041 s,
1130 1982 1388 2040 LXXXI
1427 1984 1790 2041 maturitatis
1834 1984 2253 2041 testimonium
2298 1984 2561 2057 adeptus
2606 1998 2825 2051 essem,
2869 1989 2936 2039 ut

653 2082 1020 2156 philologiae
1065 2101 1316 2159 operam
1359 2102 1650 2143 nauarem
1695 2085 2001 2144 constitui.
2065 2084 2329 2141 Primum
2359 2083 2631 2158 Lipsiam
2661 2082 2932 2157 migraui,

653 2182 795 2238 inde
838 2192 981 2258 post
1027 2184 1338 2241 biennium
1367 2185 1449 2241 ad
1483 2184 1644 2242 hanc
1689 2186 1912 2241 almam
1935 2184 2249 2241 Musarum
2295 2170 2512 2269 seqem
2555 2201 2651 2241 me
2682 2182 2927 2249 contuli,

655 2284 823 2340 cuius
869 2285 952 2340 ad
994 2284 1157 2341 hunc
1204 2285 1370 2341 diem
1431 2285 1578 2342 ciuis
1625 2284 1728 2343 fui.
1819 2284 2177 2342 Docuerunt
2222 2303 2320 2341 me
2366 2284 2478 2341 uiri
2509 2270 2823 2341 clarissimi
2855 2283 2933 2339 de

657 2384 918 2460 Bahder,
967 2384 1335 2461 Brugmann,
1381 2383 1645 2457 CurtiuS,
1690 2384 1923 2459 Lange,
1969 2385 2229 2461 Lipsius,
2264 2384 2602 2458 Overbeck,
2634 2382 2931 2451 Ribbeck,

654 2484 989 2559 Wuelcker,
1031 2485 1280 2561 Wundt,
1332 2486 1604 2543 Zarncke
1650 2485 2018 2561 LipsienseS‚
2092 2486 2441 2559 Buecheler,
2489 2485 2681 2569 Doye,
2740 2486 2933 2563 Joers,

655 2579 908 2655 Kekule,
955 2586 1278 2655 Luebbert‚
1335 2586 1573 2661 Nissen,
1630 2585 1949 2660 Schwartz,
1995 2586 2231 2644 Vsener
2274 2586 2655 2644 BonnenseS.
2743 2586 2828 2643 Vt
2872 2586 2932 2642 in

655 2688 1042 2746 seminarium
1084 2687 1548 2763 philologorum,
1620 2688 1790 2745 cuius
1852 2706 1961 2763 per
2010 2706 2237 2745 annum
2282 2687 2367 2745 fui
2413 2687 2643 2745 sodalis
2686 2687 2933 2745 ordina·

581 2780 586 2785 ’
654 2788 794 2857 rius,
858 2788 1177 2863 reciperer,
1246 2787 1598 2846 Buecheleri
1643 2788 1977 2846 Luebberti
2019 2788 2277 2846 Vseneri
2341 2789 2587 2865 egregia
2643 2806 2791 2862 erga
2834 2807 2931 2844 me

654 2888 882 2945 factum
935 2898 1030 2946 est
1082 2889 1529 2948 beneuolentia.
1619 2889 1688 2946 In
1748 2890 2135 2947 seminarium
2189 2890 2536 2948 historicum
2595 2908 2693 2948 me
2738 2889 2934 2947 admi-

653 2995 862 3045 serunt
907 2988 1083 3045 Dove
1128 2997 1187 3046 et
1234 2988 1472 3047 Nissen.
1561 2990 2117 3047 Exercitationibus
2163 2992 2286 3048 suis
2332 3000 2399 3047 ut
2442 2991 2789 3048 interessem
2827 2990 2934 3046 be-

653 3090 836 3164 nigne
869 3098 1308 3147 concesserunt
1335 3090 1737 3165 epigraphicis
1770 3098 1835 3147 et
1879 3091 2202 3166 philologis
2239 3091 2597 3159 Buecheler,
2642 3091 2932 3149 archaeo-

654 3190 861 3263 logicis
914 3188 1167 3251 Kekule.
1246 3190 1540 3248 Omnibus
1584 3192 2082 3267 praeceptoribus
2123 3192 2417 3249 maximas
2457 3192 2657 3249 habeo
2686 3192 2933 3266 gratiaS‚

650 3290 714 3346 in
750 3290 950 3366 primis
997 3308 1142 3348 uero
1195 3290 1567 3349 Buechelero
1617 3299 1680 3349 et
1722 3292 2022 3368 Vsenero,
2068 3311 2318 3369 quorum
2362 3293 2669 3351 beneficiis
2722 3293 2784 3350 in
2840 3311 2937 3350 me

656 3391 913 3448 conlatis
957 3391 1020 3447 in
1061 3398 1426 3467 perpetuum
1465 3409 1600 3450 sum
1643 3394 1987 3453 deuinctus,
2192 3398 2199 3405 '

3322 3209 3376 3794 rwfflmtffifflffi
3327 3043 3376 3172 ··-.-=
