3459 5217
1547 479 1906 532 -12—

581 655 819 714 Dosith.
864 674 922 732 p.
955 657 1095 723 398,
1148 656 1450 724 11—-401,
1498 649 1582 728 7).
1671 653 1828 710 Cum
1875 653 2056 729 igitur
2100 655 2177 711 de
2224 652 2317 711 his
2362 652 2541 711 rebus
2586 653 2871 712 Donatus

577 757 819 813 uberius
865 764 1022 832 agat,
1093 763 1390 830 quatenus
1436 754 1777 812 Diomedes
1834 762 1897 810 et
1946 754 2227 812 Donatus
2288 762 2349 810 et
2408 754 2567 811 inter
2608 773 2676 812 se
2723 772 2870 812 con-

578 847 841 914 sentiant
909 864 972 914 et
1041 875 1078 914 a
1123 857 1368 932 reliquis
1415 855 1718 929 differant,
1790 857 2132 914 accuratius
2196 855 2601 913 demonstrari
2642 863 2868 931 potest.

577 957 640 1016 Si
690 957 1010 1015 Diomedis
1057 966 1120 1014 et
1152 956 1381 1014 Donati
1427 957 1616 1013 uerba
1657 956 2043 1026 conserimu8‚
2090 956 2327 1015 etiamsi
2361 955 2698 1015 Diomedes
2742 974 2869 1013 non

575 1059 744 1117 nulla
771 1059 1007 1135 plenius
1051 1059 1362 1134 praebeat,
1404 1058 1585 1135 plane
1617 1059 1843 1116 eodem
1876 1058 2093 1116 ordine
2123 1057 2319 1116 isdem
2350 1058 2669 1115 sententiis
2701 1060 2869 1133 apud

554 1168 901 1236 -utrumque
946 1160 1394 1235 expositionem
1436 1160 1776 1234 procedere
1821 1159 2029 1216 statim
2068 1160 2280 1219 elucet.
2356 1159 2523 1216 Inter
2569 1177 2645 1215 ea
2689 1176 2867 1233 quae,

582 1279 722 1318 cum
766 1262 934 1335 apud
979 1260 1348 1318 Diomedem
1394 1269 1658 1338 exstent,
1705 1261 1873 1336 apud
1918 1260 2231 1318 Donatum
2275 1278 2401 1317 non
2448 1260 2731 1334 leguntur
2775 1261 2862 1318 in-

576 1361 780 1436 primis
824 1361 1061 1424 initium
1105 1355 1332 1440 (Diom.
1377 1380 1435 1437 p.
1485 1364 1625 1435 324,
1680 1363 1776 1420 14.
1826 1357 1929 1438 15)
1968 1362 2555 1419 conmemorandum
2596 1369 2706 1431 est,
2768 1363 2869 1419 ubi

579 1461 912 1521 Diomedes
959 1462 1189 1537 definit,
1236 1464 1381 1538 quid
1416 1463 1536 1521 sint
1579 1463 1977 1539 conparatiua
2021 1471 2103 1520 et·
2129 1463 2517 1538 superlatiua.
2608 1464 2783 1523 Haec
2828 1485 2866 1522 a

579 1562 828 1620 Donato
884 1563 1062 1621 scribi
1117 1581 1242 1620 non
1300 1562 1577 1638 potuisse
1633 1565 2088 1622 demonstratur
2147 1563 2260 1620 illis
2326 1581 2485 1638 quae
2538 1582 2722 1640 supra
2764 1583 2869 1622 ex-

581 1665 928 1739 posuimus:
998 1663 1367 1722 Diomedem
1417 1682 1521 1722 eas
1567 1665 1743 1740 quasi
1804 1664 2219 1722 deriuatorum
2266 1664 2488 1722 formas
2531 1665 2867 1734 nominare,

580 1765 895 1824 Donatum
965 1767 1465 1842 conparationem
1528 1767 1683 1824 inter
1723 1765 2063 1822 accidentia
2125 1765 2386 1824 nominis
2440 1765 2749 1840 posuisse3
2818 1767 2867 1823 is

579 1867 760 1941 igitur
814 1888 852 1926 a
908 1869 1346 1944 conparatione
1391 1867 1618 1942 incipit.
1731 1865 1975 1924 Deinde
2030 1867 2258 1924 desunt
2310 1868 2477 1942 apud
2532 1866 2866 1936 Donatum,

579 1985 739 2040 quae
769 1967 1107 2026 Diomedes
1152 1988 1212 2044 p.
1244 1970 1384 2044 324,
1440 1969 1678 2028 17-19
1711 1968 1982 2043 praebet,
2028 1968 2130 2025 ubi
2160 1968 2386 2041 gradus
2420 1967 2869 2044 conparationis

580 2069 968 2139 definiuntur,
1025 2089 1183 2145 quae
1237 2088 1296 2146 p.
1343 2072 1487 2137 325,
1547 2073 1791 2128 12—-17
1856 2068 2037 2142 (haec
2100 2070 2363 2126 redeunt
2428 2071 2594 2144 apud
2640 2068 2869 2128 ChariS.

579 2188 639 2246 p.
664 2172 803 2239 157,
851 2172 1087 2240 8-10;
1133 2171 1336 2229 Anon.
1373 2171 1522 2230 Bob.
1555 2190 1614 2246 p.
1645 2172 1783 2243 537,
1818 2172 2010 2239 3-5;
2057 2169 2298 2228 Dosith.
2328 2172 2553 2245 p.'400,
2592 2165 2867 2247 10—12)

581 2280 645 2327 et
678 2289 868 2345 quae
930 2271 1265 2330 nouissima
1329 2263 1504 2348 parte
1550 2272 1789 2347 scripsit
1831 2290 1889 2347 p.
1924 2272 2064 2341 325,
2106 2273 2373 2340 22-24,
2420 2289 2454 2326 e
2501 2271 2698 2329 Plauti
2738 2271 2867 2327 Me·

581 2371 885 2431 naechmis
929 2372 1182 2449 prolata.
1247 2372 1386 2430 Vna
1433 2381 1624 2430 restat
1653 2372 1952 2449 particula
1995 2373 2056 2429 in
2098 2372 2299 2447 capite
2332 2370 2651 2430 Diomedis
2688 2389 2869 2447 quam

582 2472 864 2532 Donatus
910 2493 1036 2531 non
1082 2474 1348 2533 exhibet.
1455 2475 1578 2532 Sed
1625 2475 1686 2530 in
1733 2474 1896 2532 hanc
1939 2492 2067 2531 rem
2112 2472 2453 2530 accuratius
2492 2473 2866 2548 inquiramus

580 2593 837 2633 necesse
880 2584 991 2632 est.
1061 2576 1154 2634 Ex
1183 2576 1328 2652 ipsis
1361 2575 1682 2633 Diomedis
1714 2575 1916 2632 uerbis
1961 2594 2017 2651 p.
2050 2576 2191 2643 324,
2242 2577 2314 2633 21
2364 2567 2510 2632 ‘sed
2562 2575 2869 2650 quaedam

580 2693 705 2734 non
753 2677 1201 2752 amplectuntur
1265 2695 1480 2734 omnes
1526 2677 1774 2752 gradus,
1845 2675 1910 2734 id
1978 2685 2071 2734 est
2132 2695 2259 2735 non
2312 2696 2423 2753 per
2466 2685 2590 2735 tres
2636 2678 2865 2751 gradus

581 2774 747 2835 eunt'
825 2796 1008 2838 nemo
1070 2797 1194 2836 non
1287 2778 1667 2854 exspectabit
1738 2779 1867 2836 fore
1932 2787 1999 2836 ut
2058 2779 2121 2835 in
2188 2779 2584 2854 sequentibus
2653 2779 2733 2836 de
2797 2778 2867 2836 iis

579 2879 1089 2955 appellationibus
1135 2888 1352 2955 agatur
1393 2897 1554 2956 quae
1599 2881 1869 2955 regulam
1936 2880 2390 2956 conparationis
2456 2899 2582 2937 non
2649 2879 2865 2938 ferunt.

580 2980 918 3040 Diomedes
973 2999 1119 3038 uero
1181 2981 1380 3058 pergit
1435 2979 1522 3056 (p.
1579 2981 1718 3055 324,
1780 2976 1886 3057 22)
1940 2976 2117 3040 ‘nam
2181 2981 2426 3039 omnia
2486 2981 2869 3056 qualitatium

581 3083 830 3139 nomina
875 3100 984 3140 sex
1020 3082 1284 3138 retinent
1327 3076 1614 3152 formas'3
1661 3083 1745 3140 de
1778 3082 2059 3140 omnibus
2101 3083 2283 3156 igitur
2322 3081 2641 3140 adiectiuis
2684 3100 2870 3156 quae-

583 3184 698 3240 stio
744 3191 858 3252 est,
904 3183 1089 3240 etiam
1135 3183 1214 3238 de
1259 3183 1345 3241 eis
1391 3201 1546 3258 quae
1592 3202 1704 3259 per
1749 3191 1869 3240 tres
1914 3185 2143 3257 gradus
2188 3193 2356 3252 eunt,
2402 3184 2475 3243 cf.
2508 3202 2568 3258 p.
2602 3186 2740 3256 324,
2791 3185 2867 3242 26

579 3280 753 3342 ‘sunt
811 3302 968 3359 quae
1015 3304 1089 3341 ex
1135 3286 1380 3361 positiui
1431 3286 1698 3360 imagine
1756 3303 1865 3361 per
1929 3303 2143 3342 omnes
2202 3286 2429 3360 gradus
2487 3270 2869 3344 formantur'.

582 3384 734 3442 Cum
777 3385 956 3460 igitur
999 3403 1158 3461 quae
1201 3395 1341 3462 post
1385 3406 1442 3462 p.
1493 3389 1633 3455 324,
1699 3389 1777 3444 22
1834 3395 2119 3445 secuntur
2176 3404 2313 3443 cum
2356 3385 2871 3460 praecedentibus

582 3486 830 3544 omnino
877 3504 1001 3543 non
1045 3495 1402 3562 congruant,
1465 3488 1552 3546 ita
1599 3496 1663 3544 ut
1707 3488 1863 3545 haec
1906 3488 2117 3562 quibus
2164 3488 2245 3544 de
2286 3475 2432 3544 ‘sex
2464 3473 2703 3544 formis'
2746 3487 2871 3560 agi-

578 3596 674 3644 tur
717 3607 754 3644 a
799 3587 1106 3646 Diomede
1150 3588 1516 3664 interpolata
1557 3607 1693 3647 esse
1739 3589 2027 3664 procliuis
2072 3589 2149 3645 sit
2194 3588 2472 3663 suspici0,
2525 3597 2651 3645 tum
2690 3606 2868 3646 accu-

579 3689 764 3746 ratius
795 3688 954 3746 hanc
985 3689 1341 3764 particulam
1371 3698 1824 3765 perscrutantes
1857 3689 2190 3746 dictionem
2220 3688 2431 3745 miram
2454 3688 2657 3763 potius
2690 3706 2871 3763 quam

586 3789 954 3846 artificialem
1019 3789 1559 3865 deprehendimuS‚
1628 3791 1822 3864 qualis
1896 3790 1958 3847 in
2007 3789 2239 3862 reliquo
2308 3789 2507 3864 capite
2570 3807 2872 3864 nusquam

585 3891 864 3950 occurrit.
957 3891 1244 3966 Singulae
1289 3891 1450 3950 enim
1492 3891 1725 3948 formae
1772 3890 1891 3947 hoc
1935 3891 2123 3947 modo
2170 3890 2557 3965 appellantur
2602 3889 2682 3964 (p.
2731 3891 2873 3957 324,

581 3991 716 4066 24):
780 3983 921 4050 ‘aut
977 3993 1140 4050 enim
1198 3993 1490 4067 incipiunt
1532 4000 1639 4052 aut
1693 4000 1839 4048 sunt
1894 3999 1996 4048 aut
2057 3991 2308 4047 ueniunt
2373 3999 2481 4047 aut
2530 3989 2873 4047 adiciuntur

581 4100 684 4150 aut
726 4093 1115 4151 inueniuntur
1175 4103 1282 4149 aut
1348 4101 1576 4150 exeunt
1619 4086 1704 4170 (u.
1756 4095 1831 4151 37
1879 4084 2301 4168 terminantur)
2320 4085 2353 4149 ³.
2475 4091 2694 4148 Talem
2748 4090 2873 4147 dic·-

582 4193 810 4250 tionem
854 4193 1143 4268 equidem
1189 4202 1428 4268 praeter
1484 4193 1649 4251 hunc
1701 4195 1900 4250 locum
1967 4192 2153 4250 semel
2222 4192 2647 4248 tantummodo
2704 4190 2871 4266 apud

578 4297 1006 4369 grammaticos
1039 4297 1292 4354 Latinos
1323 4296 1528 4354 inueni
1557 4298 1618 4352 in
1653 4295 1975 4353 Diomedis
2008 4294 2206 4370 capite
2236 4296 2319 4351 de
2348 4293 2576 4369 syllaba
2606 4289 2692 4367 (p.
2726 4294 2866 4366 427,

588 4399 887 4470 16-428,
941 4395 1017 4466 1).
1127 4397 1409 4471 Denique
1469 4398 1667 4472 ipsum
1714 4397 2084 4454 Diomedem
2133 4396 2530 4453 confitentem
2575 4393 2871 4450 habemus

578 4517 638 4574 p.
693 4501 831 4569 324,
879 4500 958 4558 23
1023 4495 1164 4558 ‘sex
1207 4499 1472 4558 retinent
1538 4499 1783 4568 forrum,
1837 4517 1997 4574 quas
2061 4497 2419 4556 inserendas
2478 4479 2868 4572 putauimus³.
