3459 5217
1665 482 2017 536 ...46-

691 658 820 716 tiuo
863 658 1072 734 plurali
1115 658 1176 715 in
1219 657 1342 716 ium
1383 658 1728 734 terminat0‚
1772 676 1957 734 quam
2000 660 2064 717 in
2108 661 2417 719 communi
2462 660 2632 719 fonte
2665 655 2985 716 Diomedis

691 768 754 817 et
798 760 1028 817 Donati
1075 778 1113 818 a
1173 761 1495 818 redactore
1560 761 1831 819 ablatiuo
1896 762 1958 818 in
2004 762 2023 819 i
2068 762 2457 820 subiunctam
2519 779 2657 819 esse
2702 759 2986 830 uidimuS,

688 862 850 935 apud
897 859 1237 919 Charisium
1281 861 1608 936 uestigium
1651 862 1883 919 nullum
1927 870 2145 923 exstat.

689 1162 824 1212 quae
861 1160 978 1195 cum
1015 1143 1133 1194 aliis
1175 1144 1432 1209 capitibus
1453 1142 1679 1193 Charisii
1715 1151 2012 1207 congruunt
2053 1174 2113 1183 -
2154 1147 2380 1197 sortasse
2420 1148 2596 1197 omnia
2630 1147 2987 1210 PalaemoniS,

687 1242 745 1283 ut
809 1248 965 1298 supra
1014 1234 1082 1297 (p.
1110 1231 1204 1300 29)
1243 1232 1355 1281 dixi
1393 1260 1462 1269 —
1499 1248 1634 1281 nunc
1673 1234 1832 1283 nobis
1870 1250 1954 1283 res
1976 1250 2098 1295 *non
2140 1230 2257 1303 est).
2319 1235 2477 1285 Cuius
2514 1237 2799 1285 sententiae
2826 1252 2985 1285 unum

689 1329 1044 1385 argumentum
1091 1320 1332 1386 protulit;
1392 1336 1510 1370 cum
1567 1321 1706 1370 enim
1761 1320 1852 1370 ‘in
1907 1322 2015 1371 illis
2072 1338 2206 1387 quae
2244 1324 2532 1373 Diomedes
2592 1340 2709 1374 cum
2746 1322 2987 1375 Charisio

687 1410 983 1459 communia
1021 1409 1182 1459 habet
1220 1409 1421 1458 nullum
1459 1411 1604 1459 aliud
1643 1411 1863 1460 uerbum
1900 1411 2210 1461 terminandi
2240 1420 2479 1462 occurrat
2517 1412 2618 1462 nisi
2654 1412 2668 1431 ‘
2693 1413 2825 1461 finiri
2846 1412 2875 1471 ²,
2932 1414 2989 1461 in

687 1500 750 1549 iis
791 1514 923 1563 quae
960 1496 1221 1547 Charisius
1265 1514 1370 1547 non
1409 1500 1627 1563 praebet
1665 1500 1828 1549 semel
1863 1500 2025 1549 modo
2063 1501 2284 1550 uerbum
2321 1496 2539 1551 fini'endi
2574 1502 2861 1551 Diomedes
2898 1501 2987 1550 ad-

687 1590 854 1648 hibet,
892 1602 1050 1653 saepe
1086 1604 1216 1637 uero
1254 1604 1380 1637 usus
1419 1596 1502 1639 est
1551 1590 1717 1639 uerbo
1756 1588 2121 1639 ‘terminandi’
2146 1596 2198 1639 et
2234 1589 2542 1641 ‘exeundi’'.
2578 1619 2640 1627 -
2674 1591 2987 1639 Kummrow

685 1694 790 1727 una
826 1678 880 1726 in
917 1692 975 1726 re
1012 1676 1243 1739 grauiter
1279 1678 1490 1737 errauit,
1546 1679 1693 1744 quod
1733 1679 1961 1728 eundem
1999 1679 2054 1728 in
2091 1679 2304 1729 modurn
2342 1685 2497 1744 atque
2534 1680 2983 1741 grammaticorum

690 1773 986 1815 nostrorum
1040 1766 1202 1814 fontis
1249 1781 1472 1830 quoque,
1534 1783 1640 1833 quo
1688 1768 1773 1817 usi
1820 1774 1957 1827 sunt,
2016 1768 2182 1817 uerba
2218 1775 2498 1833 conparata
2542 1769 2705 1817 fuisse
2744 1769 2980 1833 sumpsit.

689 1839 797 1905 S'ed
833 1855 962 1905 haec
1000 1856 1258 1905 sententia
1294 1863 1430 1905 stare
1466 1872 1572 1904 non
1611 1861 1818 1923 potest3
1879 1863 2029 1921 atque
2066 1855 2192 1905 inde
2230 1856 2472 1921 efficitur,
2526 1863 2584 1906 ut
2622 1856 2976 1905 obseruationi

685 1944 771 1992 illi
808 1944 1020 1993 minime
1061 1951 1258 1994 tantum
1298 1945 1635 1995 tribuendum
1674 1944 1757 2011 sit,
1784 1950 2032 2010 quantum
2068 1945 2238 2010 primo
2281 1945 2470 1994 obtutu
2507 1945 2731 1994 uidetur.
2768 1972 2839 1981 —-
2874 1943 2974 1994 Pri-

687 2048 828 2081 mum
867 2050 895 2083 a
933 2033 1171 2083 Charisio
1209 2034 1401 2082 omissa
1439 2040 1561 2083 sunt
1597 2034 1761 2083 uerba
1798 2049 1931 2099 quae
1968 2033 2261 2083 Diomedes
2300 2050 2349 2097 p.
2378 2032 2499 2099 303,
2541 2008 2754 2085 32-235
2792 2038 2843 2083 et
2877 2034 2981 2081 Do·

686 2126 837 2169 natus
872 2138 923 2186 p.
962 2121 1086 2189 378,
1121 2122 1260 2172 3-5
1299 2122 1570 2187 praebent.
1645 2122 1793 2171 Haec
1830 2122 1964 2170 fonti
2002 2121 2229 2171 Charisii
2268 2122 2493 2171 defuisse
2530 2137 2637 2170 non
2676 2138 2833 2187 posse
2873 2122 2985 2186 ipsa

687 2224 742 2257 re
779 2210 1088 2274 postulatur,
1128 2210 1325 2276 quippe
1362 2211 1556 2276 quibus
1583 2211 1743 2260 totius
1770 2210 1953 2276 capitis
1994 2211 2273 2276 dispositio
2312 2211 2656 2262 contineatur.
2717 2210 2984 2259 Charisius

687 2314 748 2347 ea
785 2298 981 2359 omisit,
1017 2314 1134 2347 cum
1174 2300 1241 2348 de
1280 2300 1464 2348 eadem
1507 2314 1560 2348 re
1584 2299 1874 2348 Cominiani
1900 2299 2064 2348 uerba
2090 2300 2454 2365 descripsisset
2487 2297 2559 2364 (p.
2584 2298 2703 2360 147,
2731 2298 2980 2363 19—21),

685 2387 827 2436 unde
884 2388 1267 2437 demonstratur
1321 2387 1498 2436 uerbis
1549 2402 1684 2453 quae
1736 2388 1789 2436 in
1848 2388 1997 2437 fonte
2052 2387 2278 2438 Charisii
2326 2387 2654 2450 legebantur,
2713 2387 2786 2436 nil
2838 2386 2981 2435 aliud

685 2478 1021 2540 praeceptum
1063 2476 1230 2525 fuisse
1270 2492 1424 2541 quam
1463 2476 1540 2525 eis
1580 2491 1714 2541 quae
1760 2476 2101 2526 Cominianus
2140 2475 2373 2527 exhibet.
2446 2476 2576 2526 Cum
2612 2476 2772 2538 igitur
2809 2475 2980 2524 Comi-

683 2563 824 2611 niani
858 2565 1020 2614 uerba
1055 2580 1170 2613 cum
1208 2562 1486 2614 Diomedis
1525 2564 1830 2630 Donatique
1870 2565 2232 2625 consentiant,
2279 2566 2432 2615 etiam
2470 2565 2537 2613 de
2575 2565 2720 2614 fonte
2758 2563 2981 2613 Charisii

683 2651 823 2701 idern
858 2654 1189 2703 statuendum
1239 2661 1336 2705 est.
1427 2653 1613 2718 Itaque
1668 2652 1768 2702 hac
1822 2654 1877 2701 in
1931 2668 1989 2701 re
2026 2654 2225 2703 Donati
2266 2660 2316 2703 et
2356 2653 2582 2705 Charisii
2638 2654 2809 2701 fontes
2846 2652 2983 2701 inter

685 2756 741 2788 se
783 2741 1198 2793 consentiebant.
1258 2770 1323 2778 —
1382 2742 1460 2790 At
1496 2741 1666 2791 multo
1708 2742 1872 2805 magis
1923 2742 2296 2808 deciperemur,
2354 2742 2400 2791 si
2438 2743 2704 2791 Donatum
2742 2748 2981 2790 accurate

683 2829 844 2878 fontis
883 2830 1048 2879 uerba
1085 2830 1435 2895 descripsisse
1473 2836 1791 2896 putaremus,
1839 2857 1908 2866 —
1963 2832 2124 2896 Apud
2162 2832 2425 2881 Donatum
2464 2832 2653 2880 desunt
2686 2830 2782 2879 illa
2816 2830 2981 2878 uerba

685 2918 873 2983 quibus
909 2919 1200 2968 Diomedes
1241 2917 1314 2984 (p.
1354 2917 1476 2985 303,
1514 2920 1600 2971 31.
1641 2919 1729 2983 32)
1772 2926 1820 2969 et
1858 2920 2130 2970 Charisius
2168 2917 2243 2985 (p.
2277 2920 2392 2987 148,
2434 2919 2669 2986 15—17)
2716 2925 2870 2985 caput
2906 2919 2982 2966 in-

685 3007 895 3058 cohant.
969 3006 1109 3071 Quin
1151 3008 1332 3057 eadem
1369 3006 1423 3055 in
1473 3009 1621 3057 fonte
1658 3008 1856 3057 Donati
1912 3008 2210 3068 exstiterint,
2266 3014 2323 3057 ut
2362 3009 2555 3074 quibus
2594 3024 2790 3057 summa
2825 3007 2984 3056 totius

684 3096 1055 3161 disputationis
1111 3095 1389 3156 indicetur,
1453 3096 1684 3146 dubitari
1752 3097 1947 3161 nequit.
2004 3124 2073 3135 -
2128 3099 2263 3146 Tum
2301 3098 2563 3146 Donatum
2608 3098 2771 3146 fontis
2818 3096 2981 3145 uerba

683 3185 1006 3235 contraxisse
1052 3185 1458 3248 demonstratur,
1510 3186 1552 3234 si
1599 3186 1919 3235 conferimus
1978 3201 2113 3251 quae
2150 3187 2391 3235 Donatus
2431 3192 2484 3234 et
2518 3200 2651 3250 quae
2687 3185 2981 3234 Diomedes

686 3275 753 3322 de
791 3273 1033 3336 genetiuo
1071 3274 1124 3322 in
1160 3274 1266 3322 ium
1303 3273 1578 3323 terminato
1637 3274 1887 3323 exhibent
1947 3274 2022 3339 (p.
2063 3274 2183 3335 378,
2229 3273 2443 3326 20—30
2481 3293 2554 3319 =
2602 3273 2724 3331 306,
2766 3271 2981 3335 5—35).

685 3361 883 3428 (Huius
920 3353 1202 3428 particulae
1239 3362 1516 3410 terminum
1552 3363 1866 3411 Kummrow
1904 3363 2038 3413 salso
2073 3380 2125 3429 p.
2154 3363 2273 3421 306,
2316 3362 2384 3413 27
2420 3361 2699 3411 constituit.
2756 3362 2891 3409 Nam
2928 3366 2981 3408 et

683 3451 858 3499 uerbis
900 3451 1079 3501 Diom.
1115 3466 1166 3515 p.
1195 3449 1316 3510 306,
1356 3449 1566 3501 27—35
1595 3450 1661 3499 de
1700 3451 1946 3513 genetiuo
1972 3450 2165 3515 plurali
2206 3451 2376 3513 agitur
2403 3458 2455 3499 et
2480 3456 2599 3516 post
2624 3449 2751 3498 haec
2773 3450 2981 3498 demum

683 3540 902 3589 alterum
941 3539 1140 3587 fontem
1181 3537 1486 3587 adhibuisse
1507 3538 1821 3588 Diomedem
1861 3539 2078 3604 adparet
2103 3539 2325 3588 conlatis
2347 3537 2573 3588 Charisii
2603 3537 2781 3586 uerbis
2819 3554 2869 3603 p.
2893 3537 2982 3603 46,

683 3628 900 3694 6--11).
973 3629 1214 3681 Donatus
1251 3626 1380 3676 haec
1418 3632 1618 3676 tantum
1657 3643 1685 3677 e
1724 3629 1989 3678 communi
2025 3629 2168 3678 fonte
2207 3628 2456 3693 sumpsit:

979 3717 1118 3767 Don.
1157 3732 1209 3781 p.
1249 3714 1374 3774 378,
1413 3714 1624 3767 20—22
1663 3736 1729 3760 =
1770 3715 1948 3766 Diom.
1987 3733 2041 3782 p.
2087 3716 2209 3776 306,
2250 3715 2318 3767 25

1057 3842 1083 3870 „
1161 3842 1187 3870 „
1249 3803 1368 3863 378,
1405 3802 1617 3855 22-23
1658 3825 1721 3849 =
1826 3794 1863 3863 ⁰„
2002 3839 2027 3863 „
2088 3804 2209 3863 306,
2252 3804 2285 3855 5

1053 3930 1078 3959 ,,
1159 3931 1184 3958 ,,
1246 3883 1368 3952 378,
1406 3892 1618 3944 24—25
1658 3914 1721 3940 ε·-
1838 3933 1863 3959 „
2000 3926 2027 3953 „
2088 3893 2211 3951 306,
2252 3892 2437 3943 8-10

1057 4021 1082 4045 ,,
1161 4021 1185 4044 ,,
1243 3980 1366 4047 378,
1409 3980 1620 4033 25—26
1660 4002 1727 4025 =
1841 4022 1865 4043 ‚.
2000 4015 2025 4042 „
2090 3981 2212 4049 306,
2256 3979 2603 4047 12414—15

1054 4109 1078 4133 „
1156 4108 1180 4136 „
1239 4069 1362 4131 378,
1399 4068 1614 4121 27-28
1651 4092 1719 4113 --·
1837 4110 1861 4137 ,,
2001 4109 2025 4137 ,,
2086 4069 2207 4137 306,
2252 4068 2458 4136 17-1-22

1054 4197 1079 4225 ,,
1162 4198 1187 4225 ,,
1241 4158 1364 4217 378,
1402 4156 1615 4209 28-29
1659 4180 1721 4203 =
1836 4197 1861 4223 ‚‚
1998 4196 2023 4224 „
2085 4156 2207 4224 306,
2246 4158 2457 4209 23—24

1054 4280 1080 4307 „
1161 4286 1186 4313 „
1245 4246 1367 4312 378,
1407 4246 1477 4298 30
1653 4266 1720 4291 =
1835 4284 1858 4309 „
1988 4285 2014 4313 „
2072 4244 2196 4312 806,
2234 4245 2458 4297 25-26,

681 4338 826 4401 Quae
863 4352 979 4385 cum
1016 4334 1090 4384 ita
1128 4334 1245 4394 sint,
1287 4335 1442 4383 etiam
1480 4333 1685 4399 reliqua
1711 4336 1979 4383 Donatum
2008 4334 2328 4384 contraxisse
2364 4334 2479 4382 ueri
2519 4340 2597 4382 est
2635 4333 2814 4384 simile.
2872 4333 2979 4381 Ne-

682 4442 782 4491 que
819 4430 1016 4474 temere
1055 4439 1136 4474 me
1175 4424 1345 4486 egisse
1372 4429 1514 4488 put0‚
1556 4438 1670 4471 cum
1693 4422 1961 4472 Donatum
1988 4423 2188 4488 ubique
2214 4424 2593 4472 nominatiuum
2623 4422 2975 4471 accusatiuum

677 4514 978 4565 uocatiuum
1017 4512 1244 4577 plurales
1283 4513 1522 4561 omisisse
1559 4512 1841 4561 conicerem
1879 4510 1953 4578 (p.
1989 4513 2057 4563 29
2097 4527 2147 4562 n.
2186 4511 2260 4578 2).
2330 4538 2394 4547 -
2457 4510 2685 4559 Accedit
2726 4510 2946 4558 alterum
