3459 5217
1636 477 1986 530 ...33-

674 653 1008 714 Dositheus
1057 653 1278 712 omisit.
1367 651 1653 710 Ceterum
1695 652 1814 710 hoc
1857 651 1920 709 in
1962 651 2168 727 primis
2212 653 2347 711 loco
2394 653 2560 728 apud
2591 670 2805 710 omnes
2836 660 2958 709 tur—

669 757 881 814 batum
929 763 1040 812 est.
1129 754 1256 812 Sed
1300 753 1362 811 in
1405 755 1758 812 uniuersum
1803 753 1935 811 illos
1989 755 2418 828 grammaticos
2462 755 2549 812 ita
2596 753 2958 822 consentire,

668 867 735 917 ut
780 859 860 916 de
909 855 1214 915 communi
1260 856 1430 914 fonte
1473 856 1739 914 dubitari
1782 869 1911 913 non
1953 857 2167 932 possit,
2213 856 2523 913 monuisse
2556 855 2703 914 satis
2738 855 2955 915 habe0.

671 960 990 1034 Quatenus
1036 959 1273 1032 singulo
1321 974 1566 1032 quoque
1611 957 1747 1014 loco
1794 955 2029 1014 fontem
2076 965 2181 1015 aut
2220 965 2499 1015 accurate
2530 957 2959 1032 descripserint

672 1067 778 1120 aut
821 1079 968 1134 non,
1013 1058 1316 1134 inquirere
1361 1075 1400 1114 a
1441 1065 1655 1116 nostro
1703 1056 1957 1116 consilio
2002 1058 2270 1115 alienum
2316 1067 2429 1116 est.
2518 1058 2760 1116 Deinde
2804 1057 2959 1114 indi·

674 1164 830 1220 cabo
879 1179 1038 1237 quae
1099 1178 1175 1216 ex
1236 1177 1540 1218 consensu
1605 1177 1744 1218 cum
1797 1159 1916 1217 hac
1971 1161 2331 1218 recensione
2377 1161 2544 1235 apud
2591 1159 2961 1217 Diomedem

673 1264 1001 1338 Anonymo
1047 1260 1422 1320 uindicanda
1467 1268 1626 1320 sunt.
1713 1259 1861 1318 Eius
1908 1262 2078 1318 modi
2123 1270 2265 1319 sunt
2314 1279 2473 1337 quae
2505 1262 2843 1320 Diomedes
2880 1261 2959 1317 de

670 1361 1133 1440 pronominibus
1175 1378 1293 1436 ego
1338 1369 1402 1418 et
1445 1367 1510 1418 tu
1553 1360 1797 1418 disserit
1840 1358 1927 1437 (p.
1957 1363 2097 1430 329,
2132 1363 2439 1437 32-330,
2477 1362 2559 1435 9),
2604 1362 2680 1424 cf.
2728 1360 2958 1421 Charis,

671 1483 730 1540 p.
762 1466 902 1533 158,
928 1463 1164 1532 3—15;
1210 1463 1412 1520 Anon.
1438 1461 1592 1521 Bob.
1621 1479 1679 1536 p.
1703 1463 1848 1530 557,
1878 1463 2152 1532 17-28;
2197 1462 2437 1522 Dosith.
2469 1481 2528 1538 p.
2556 1465 2699 1536 402,
2727 1464 2959 1535 6--20;

671 1567 819 1624 item
883 1565 964 1621 de
1031 1563 1226 1622 forma
1283 1547 1546 1638 ‘ipsum'
1589 1562 1830 1638 generis
1884 1562 2158 1620 neutrius
2218 1561 2301 1638 (p.
2347 1565 2487 1639 330,
2537 1557 2832 1642 22—27),
2881 1562 2957 1623 cf.

674 1665 908 1724 ChariS.
956 1684 1015 1741 p.
1066 1663 1203 1733 158,
1252 1665 1529 1736 17—193
1603 1664 1803 1722 Anon.
1848 1663 1998 1721 Bob.
2051 1682 2111 1739 p.
2160 1665 2301 1735 558,
2346 1667 2535 1734 2--5;
2614 1665 2851 1723 Dosith.
2900 1683 2959 1740 p.

677 1767 818 1836 403,
849 1768 1033 1826 5—7.
1121 1765 1446 1823 Praeterea
1489 1765 1690 1824 Diom.
1728 1783 1789 1840 p.
1825 1767 1966 1831 332,
2003 1767 2309 1835 13-333,
2343 1769 2439 1842 24,
2488 1766 2748 1825 fortasse
2780 1767 2960 1825 etiam

674 1870 941 1943 24—26,
992 1859 1419 1942 ex'Anonymo
1469 1865 1692 1926 hausta
1738 1883 1876 1924 esse
1923 1867 2140 1926 ordine
2184 1869 2661 1926 enumerationis
2707 1870 2953 1926 demon-

679 1976 922 2047 stratur,
979 1970 1081 2044 qui
1133 1969 1299 2026 idem
1351 1977 1447 2027 est
1501 1977 1688 2044 atque
1725 1970 1894 2044 apud
1933 1968 2162 2030 Charis.
2209 1990 2265 2047 p.
2317 1972 2454 2040 158,
2501 1971 2809 2042 21—159,
2858 1973 2961 2038 163

673 2071 872 2130 Anon.
905 2069 1073 2128 'Bob.
1119 2088 1176 2145 p.
1219 2070 1362 2138 558,
1411 2072 1717 2141 10-560,
1766 2073 1875 2139 33;
1922 2070 2161 2131 Dosith.
2208 2090 2265 2146 p.
2312 2073 2456 2140 403,
2509 2073 2813 2140 10—404,
2861 2073 2957 2130 23.

675 2171 883 2230 Verba
926 2171 1128 2231 Diom.
1177 2190 1234 2246 p.
1281 2173 1422 2242 333,
1455 2175 1530 2231 21
1580 2173 1749 2248 apud
1794 2171 2026 2233 Charis,
2071 2191 2131 2248 p.
2180 2175 2317 2248 159,
2357 2175 2429 2232 12
2474 2181 2536 2231 et
2576 2174 2777 2232 Anon.
2808 2173 2962 2231 Bob.

679 2291 738 2348 p.
781 2275 926 2342 560,
975 2274 1051 2332 15
1114 2290 1419 2330 recurrere
1473 2273 1536 2330 in
1578 2273 1784 2347 primis
1829 2281 2046 2331 notatu
2092 2274 2345 2349 dignum
2390 2282 2501 2331 est.
2591 2273 2837 2332 Deinde
2882 2275 2964 2330 ad

677 2375 1060 2448 Anonymum
1108 2373 1432 2431 referenda
1483 2382 1625 2432 sunt
1667 2375 1857 2431 uerba
1902 2374 2221 2432 Diomedis
2265 2392 2326 2449 p.
2377 2377 2517 2443 331,
2567 2377 2809 2436 13-15
2859 2370 2961 2450 (cf.

680 2475 911 2534 ChariS.
955 2492 1013 2550 p.
1065 2477 1201 2543 159,
1254 2477 1530 2551 17-20;
1605 2477 1809 2534 Αῐιοῐιῑ
1856 2475 2007 2536 Bob.
2052 2494 2112 2550 p.
2160 2477 2301 2554 561,
2340 2477 2535 2551 4—7;
2616 2476 2856 2535 Dosith.
2903 2496 2962 2552 p.

679 2578 822 2650 404,
866 2572 1158 2652 25-28),
1204 2595 1264 2652 p.
1291 2578 1432 2644 332,
1469 2578 1502 2634 7
1549 2573 1654 2648 (=
1686 2576 1850 2634 Don.
1896 2595 1954 2652 p.
2004 2577 2142 2650 380,
2169 2579 2281 2652 32;
2334 2577 2408 2637 cf.
2449 2577 2689 2638 Dosith.
2736 2596 2793 2653 p.
2821 2579 2964 2646 405,

679 2675 804 2750 11),
869 2696 928 2753 p.
978 2679 1114 2746 333,
1161 2678 1406 2738 27-35
1475 2671 1578 2754 (cf.
1629 2675 1859 2737 Charis.
1918 2696 1978 2752 p.
2028 2680 2162 2747 159,
2211 2681 2487 2747 26-35;
2561 2679 2761 2738 Anon.
2808 2680 2963 2741 Bob.

674 2796 732 2853 p.
764 2780 904 2850 561,
943 2775 1234 2853 11-18).
1278 2808 1362 2818 -
1405 2777 1490 2835 Vt
1533 2777 1879 2836 euincerem
1926 2776 2264 2836 Charisium
2308 2787 2372 2836 et
2414 2781 2801 2856 Anonymum
2842 2780 2961 2838 Bo-

675 2879 951 2937 biensem
996 2887 1060 2936 et
1101 2878 1462 2937 Dositheum
1503 2896 1578 2935 ex
1619 2879 1921 2954 Anonymi
1965 2880 2323 2938 recensione
2367 2881 2759 2957 descripsisse
2805 2900 2964 2956 quae

677 2982 757 3038 de
801 2979 1162 3056 pronomine
1209 2981 1480 3049 tradunt,
1529 2989 1814 3038 accurate
1858 2998 1966 3038 eos
2002 2983 2146 3039 ‘cum
2170 2980 2420 3038 Donato
2468 2983 2809 3040 consentire
2856 2983 2965 3038 de-

673 3083 1137 3140 monstrandum
1189 3082 1334 3139 mihi
1391 3091 1574 3141 esset.
1663 3083 1789 3140 Sed
1843 3083 1926 3140 de
1980 3083 2424 3150 accidentibu3‚
2493 3102 2676 3161 quam
2724 3092 2963 3159 partem

675 3185 962 3243 Donatus
987 3184 1182 3242 solam
1226 3185 1474 3259 recepit,
1518 3183 1598 3240 illi
1633 3191 1761 3240 tam
1790 3183 2057 3241 breuiter
2090 3185 2415 3257 disserunt,
2451 3192 2517 3242 ut
2547 3185 2777 3243 firmam
2815 3203 2962 3242 con-

674 3285 975 3361 parationi
1018 3285 1336 3342 materiam
1379 3303 1504 3342 non
1547 3284 1890 3360 praebeant
1916 3280 1960 3343 1.
2052 3283 2457 3343 Communem
2488 3304 2699 3344 eorum
2730 3285 2964 3343 fontem

675 3387 1056 3445 contraxisse
1097 3386 1243 3443 inde
1290 3385 1708 3454 concluserim,
1754 3387 1923 3462 quod
1968 3387 2124 3444 inter
2170 3386 2515 3444 accidentia
2560 3395 2621 3444 et
2666 3405 2964 3461 conpara-

675 3489 905 3546 tionem
949 3505 1165 3545 omnes
1211 3495 1334 3545 tres
1378 3486 1510 3544 sine
1553 3486 1678 3545 ullo
1718 3488 2157 3545 sententiarum
2187 3505 2425 3558 conexu
2457 3489 2819 3562 pronomina
2854 3477 2962 3545 ‘ad

674 3575 940 3664 aliquid’
985 3596 1447 3646 conmemorant
1492 3585 1754 3666 (Charis,
1800 3606 1861 3664 p.
1908 3590 2046 3663 158,
2099 3593 2151 3648 l.
2187 3591 2252 3658 23
2299 3589 2497 3648 Anon.
2545 3588 2693 3648 Bob.
2738 3608 2796 3664 p.
2822 3590 2963 3657 557,

680 3692 922 3749 15--17
939 3709 954 3766 3
1023 3689 1264 3749 Dosith.
1310 3708 1368 3765 p.
1413 3691 1554 3761 402,
1603 3692 1795 3759 3—-53
1858 3689 2019 3748 Don.
2064 3708 2122 3765 p.
2172 3691 2313 3757 380,
2360 3687 2443 3764 3).
2534 3690 2964 3747 Pronominum

681 3790 1147 3860 declinationes,
1197 3791 1262 3848 in
1305 3790 1526 3866 quibus
1572 3791 1766 3848 nostri
1811 3791 1873 3848 in
1917 3791 2121 3867 primis
2171 3800 2505 3865 uersantur‚
2552 3791 2853 3861 DonatuS‚
2901 3801 2969 3848 ut

675 3892 778 3966 qui
822 3891 1108 3950 breuitati
1152 3893 1445 3968 studeret,
1512 3893 1862 3950 describere
1908 3891 2129 3951 omisit.
2212 3892 2308 3950 Ita
2366 3894 2678 3966 quomodo
2735 3892 2964 3950 factum

873 4129 894 4168 1
931 4133 1239 4200 qualitatem
1297 4132 1495 4182 finitam
1535 4132 1841 4182 discernunt
1878 4131 2079 4183 ChariS.
2118 4149 2170 4199 p.
2211 4133 2329 4200 157,
2367 4133 2463 4191 26;
2518 4135 2697 4183 Anon.
2737 4135 2874 4186 Bob.
2911 4151 2962 4199 p.

675 4225 798 4289 557,
841 4225 931 4290 163
969 4221 1182 4272 Dosith.
1219 4238 1269 4287 p.
1310 4221 1431 4282 401,
1476 4222 1566 4278 11;
1605 4221 1731 4270 item
1769 4221 1907 4272 Don.
1946 4237 1998 4286 p.
2038 4221 2160 4286 379,
2203 4221 2289 4274 26.
2340 4249 2391 4258 «-
2436 4223 2503 4270 de
2542 4238 2732 4284 genere
2758 4222 2960 4274 Charis,

675 4328 727 4378 p.
771 4313 890 4378 157,
938 4311 1176 4369 28-30;
1236 4313 1414 4360 Anon.
1451 4309 1588 4360 Bob.
1627 4325 1677 4374 p.
1715 4309 1839 4372 557,
1876 4308 1927 4359 9.
1971 4310 2061 4366 10;
2116 4309 2327 4360 Dosith.
2376 4326 2427 4375 p.
2466 4310 2589 4375 401,
2634 4311 2711 4361 14.
2754 4311 2845 4378 153
2896 4313 2961 4362 cf.

674 4402 816 4454 Don.
853 4417 903 4466 p.
947 4399 1068 4459 380,
1113 4399 1340 4450 10-12ξ
1375 4426 1434 4435 -
1480 4399 1547 4448 de
1583 4413 1800 4468 numero
1838 4397 2037 4449 Charis,
2078 4415 2129 4462 p.
2173 4397 2289 4459 157,
2328 4399 2563 4463 31-33;
2603 4401 2782 4451 Anon.
2829 4403 2960 4454 Bob.

675 4506 724 4555 p.
765 4489 888 4556 557,
931 4487 1162 4547 11-13;
1204 4487 1420 4538 Dosith.
1458 4503 1508 4553 p.
1549 4486 1670 4556 402,
1712 4487 1760 4538 1.
1798 4486 1855 4547 2;
1896 4487 1963 4540 cf.
2001 4487 2144 4537 Don.
2182 4504 2235 4553 p.
2272 4487 2393 4554 380,
2436 4487 2659 4540 13—15.
