<?xml version="1.0" encoding="UTF-8"?>
<!DOCTYPE html PUBLIC "-//W3C//DTD XHTML 1.0 Transitional//EN"
    "http://www.w3.org/TR/xhtml1/DTD/xhtml1-transitional.dtd">
<html xmlns="http://www.w3.org/1999/xhtml" xml:lang="en" lang="en">
 <head>
  <title>
</title>
<meta http-equiv="Content-Type" content="text/html;charset=utf-8" />
  <meta name='ocr-system' content='tesseract 3.04.00' />
  <meta name='ocr-capabilities' content='ocr_page ocr_carea ocr_par ocr_line ocrx_word'/>
</head>
<body>
  <div class='ocr_page' id='page_1' title='image "./deartiumscripto00boelgoog_0061.png"; bbox 0 0 3459 5217; ppageno 0'>
   <div class='ocr_carea' id='block_1_1' title="bbox 1424 464 1876 548">
    <p class='ocr_par' dir='ltr' id='par_1_1' title="bbox 1424 464 1876 548">
     <span class='ocr_line' id='line_1_1' title="bbox 1424 464 1876 548; baseline -0.007 2"><span class='ocrx_word' id='word_1_1' title='bbox 1424 464 1876 548; x_wconf 60' lang='lat'>&#39;—53-</span> 
     </span>
    </p>
   </div>
   <div class='ocr_carea' id='block_1_2' title="bbox 555 663 2841 1548">
    <p class='ocr_par' dir='ltr' id='par_1_2' title="bbox 555 663 2841 1548">
     <span class='ocr_line' id='line_1_2' title="bbox 559 663 2841 747; baseline -0.006 -16"><span class='ocrx_word' id='word_1_2' title='bbox 559 674 1018 732; x_wconf 88' lang='lat' dir='ltr'>conscribendis</span> <span class='ocrx_word' id='word_1_3' title='bbox 1062 672 1348 747; x_wconf 84' lang='lat' dir='ltr'>operibus</span> <span class='ocrx_word' id='word_1_4' title='bbox 1391 670 1799 729; x_wconf 88' lang='lat' dir='ltr'>adhibuerunt</span> <span class='ocrx_word' id='word_1_5' title='bbox 1851 668 2261 743; x_wconf 86' lang='lat' dir='ltr'>inuestigandi</span> <span class='ocrx_word' id='word_1_6' title='bbox 2312 665 2489 723; x_wconf 91' lang='lat' dir='ltr'>nobis</span> <span class='ocrx_word' id='word_1_7' title='bbox 2544 674 2683 724; x_wconf 89' lang='lat' dir='ltr'>sunt</span> <span class='ocrx_word' id='word_1_8' title='bbox 2737 663 2841 721; x_wconf 83' lang='lat' dir='ltr'>illa</span> 
     </span>
     <span class='ocr_line' id='line_1_3' title="bbox 559 766 2837 848; baseline -0.004 -19"><span class='ocrx_word' id='word_1_9' title='bbox 559 773 623 829; x_wconf 90' lang='lat' dir='ltr'>in</span> <span class='ocrx_word' id='word_1_10' title='bbox 663 771 868 848; x_wconf 88' lang='lat' dir='ltr'>primis</span> <span class='ocrx_word' id='word_1_11' title='bbox 913 789 1097 847; x_wconf 90' lang='lat' dir='ltr'>quam</span> <span class='ocrx_word' id='word_1_12' title='bbox 1139 772 1201 827; x_wconf 92' lang='lat' dir='ltr'>in</span> <span class='ocrx_word' id='word_1_13' title='bbox 1242 770 1626 846; x_wconf 84' lang='lat' dir='ltr'><strong>praefatione</strong></span> <span class='ocrx_word' id='word_1_14' title='bbox 1671 770 1857 829; x_wconf 89' lang='lat' dir='ltr'>statui</span> <span class='ocrx_word' id='word_1_15' title='bbox 1901 769 2137 827; x_wconf 89' lang='lat' dir='ltr'>ratione</span> <span class='ocrx_word' id='word_1_16' title='bbox 2188 766 2365 836; x_wconf 82' lang='lat' dir='ltr'>nixiS,</span> <span class='ocrx_word' id='word_1_17' title='bbox 2430 775 2501 824; x_wconf 91' lang='lat' dir='ltr'>ut</span> <span class='ocrx_word' id='word_1_18' title='bbox 2540 766 2837 841; x_wconf 85' lang='lat' dir='ltr'>conplura</span> 
     </span>
     <span class='ocr_line' id='line_1_4' title="bbox 558 865 2839 949; baseline -0.004 -18"><span class='ocrx_word' id='word_1_19' title='bbox 558 873 759 949; x_wconf 89' lang='lat' dir='ltr'>capita</span> <span class='ocrx_word' id='word_1_20' title='bbox 801 890 958 949; x_wconf 90' lang='lat' dir='ltr'>quae</span> <span class='ocrx_word' id='word_1_21' title='bbox 1003 873 1225 931; x_wconf 88' lang='lat' dir='ltr'>eadem</span> <span class='ocrx_word' id='word_1_22' title='bbox 1268 872 1436 947; x_wconf 90' lang='lat' dir='ltr'>apud</span> <span class='ocrx_word' id='word_1_23' title='bbox 1474 872 1634 930; x_wconf 90' lang='lat' dir='ltr'>duos</span> <span class='ocrx_word' id='word_1_24' title='bbox 1686 872 1785 929; x_wconf 93' lang='lat' dir='ltr'>uel</span> <span class='ocrx_word' id='word_1_25' title='bbox 1837 872 2037 947; x_wconf 90' lang='lat' dir='ltr'>plures</span> <span class='ocrx_word' id='word_1_26' title='bbox 2094 867 2519 946; x_wconf 88' lang='lat' dir='ltr'>grammaticos</span> <span class='ocrx_word' id='word_1_27' title='bbox 2562 865 2839 924; x_wconf 89' lang='lat' dir='ltr'>inuenia-</span> 
     </span>
     <span class='ocr_line' id='line_1_5' title="bbox 558 966 2837 1047; baseline -0.004 -16"><span class='ocrx_word' id='word_1_28' title='bbox 558 991 690 1031; x_wconf 89' lang='lat' dir='ltr'>mus</span> <span class='ocrx_word' id='word_1_29' title='bbox 737 992 812 1030; x_wconf 82' lang='lat' dir='ltr'>ex</span> <span class='ocrx_word' id='word_1_30' title='bbox 859 990 983 1030; x_wconf 88' lang='lat' dir='ltr'>uno</span> <span class='ocrx_word' id='word_1_31' title='bbox 1028 972 1370 1047; x_wconf 88' lang='lat' dir='ltr'>eodemque</span> <span class='ocrx_word' id='word_1_32' title='bbox 1415 972 1566 1029; x_wconf 91' lang='lat' dir='ltr'>libro</span> <span class='ocrx_word' id='word_1_33' title='bbox 1611 990 1720 1030; x_wconf 88' lang='lat' dir='ltr'>eos</span> <span class='ocrx_word' id='word_1_34' title='bbox 1766 970 2041 1031; x_wconf 83' lang='lat' dir='ltr'>hausisse</span> <span class='ocrx_word' id='word_1_35' title='bbox 2086 969 2475 1044; x_wconf 88' lang='lat' dir='ltr'>suspicemur.</span> <span class='ocrx_word' id='word_1_36' title='bbox 2542 966 2684 1024; x_wconf 89' lang='lat' dir='ltr'>Non</span> <span class='ocrx_word' id='word_1_37' title='bbox 2714 983 2837 1023; x_wconf 89' lang='lat' dir='ltr'>uno</span> 
     </span>
     <span class='ocr_line' id='line_1_6' title="bbox 555 1066 2836 1147; baseline -0.003 -18"><span class='ocrx_word' id='word_1_38' title='bbox 555 1074 692 1132; x_wconf 89' lang='lat' dir='ltr'>loco</span> <span class='ocrx_word' id='word_1_39' title='bbox 736 1073 928 1130; x_wconf 85' lang='lat' dir='ltr'>uerba</span> <span class='ocrx_word' id='word_1_40' title='bbox 972 1071 1506 1147; x_wconf 88' lang='lat' dir='ltr'>grammaticorum</span> <span class='ocrx_word' id='word_1_41' title='bbox 1547 1072 1784 1129; x_wconf 88' lang='lat' dir='ltr'>illorum</span> <span class='ocrx_word' id='word_1_42' title='bbox 1820 1070 2037 1147; x_wconf 89' lang='lat' dir='ltr'>quibus</span> <span class='ocrx_word' id='word_1_43' title='bbox 2070 1068 2395 1144; x_wconf 83' lang='lat' dir='ltr'>artigraphi</span> <span class='ocrx_word' id='word_1_44' title='bbox 2426 1066 2836 1143; x_wconf 89' lang='lat' dir='ltr'>conpilatores</span> 
     </span>
     <span class='ocr_line' id='line_1_7' title="bbox 558 1166 2838 1245; baseline -0.003 -13"><span class='ocrx_word' id='word_1_45' title='bbox 558 1173 652 1232; x_wconf 90' lang='lat' dir='ltr'>usi</span> <span class='ocrx_word' id='word_1_46' title='bbox 697 1180 840 1230; x_wconf 88' lang='lat' dir='ltr'>sunt</span> <span class='ocrx_word' id='word_1_47' title='bbox 880 1173 1062 1231; x_wconf 86' lang='lat' dir='ltr'>ualde</span> <span class='ocrx_word' id='word_1_48' title='bbox 1105 1172 1448 1233; x_wconf 86' lang='lat' dir='ltr'>concinunt.</span> <span class='ocrx_word' id='word_1_49' title='bbox 1537 1172 1975 1245; x_wconf 81' lang='lat' dir='ltr'>Quaerendum</span> <span class='ocrx_word' id='word_1_50' title='bbox 2008 1170 2188 1245; x_wconf 88' lang='lat' dir='ltr'>igitur</span> <span class='ocrx_word' id='word_1_51' title='bbox 2216 1178 2315 1227; x_wconf 89' lang='lat' dir='ltr'>est</span> <span class='ocrx_word' id='word_1_52' title='bbox 2348 1176 2548 1227; x_wconf 87' lang='lat' dir='ltr'>utrum</span> <span class='ocrx_word' id='word_1_53' title='bbox 2576 1167 2659 1225; x_wconf 84' lang='lat' dir='ltr'>illi</span> <span class='ocrx_word' id='word_1_54' title='bbox 2688 1166 2838 1225; x_wconf 89' lang='lat' dir='ltr'>alius</span> 
     </span>
     <span class='ocr_line' id='line_1_8' title="bbox 563 1270 2839 1348; baseline -0.003 -17"><span class='ocrx_word' id='word_1_55' title='bbox 563 1271 748 1331; x_wconf 87' lang='lat' dir='ltr'>alium</span> <span class='ocrx_word' id='word_1_56' title='bbox 792 1290 873 1329; x_wconf 86' lang='lat' dir='ltr'>an</span> <span class='ocrx_word' id='word_1_57' title='bbox 916 1273 1184 1331; x_wconf 88' lang='lat' dir='ltr'>eundem</span> <span class='ocrx_word' id='word_1_58' title='bbox 1228 1272 1461 1331; x_wconf 89' lang='lat' dir='ltr'>fontem</span> <span class='ocrx_word' id='word_1_59' title='bbox 1502 1272 1945 1348; x_wconf 75' lang='lat' dir='ltr'>exscripserint.</span> <span class='ocrx_word' id='word_1_60' title='bbox 2031 1272 2185 1329; x_wconf 90' lang='lat' dir='ltr'>Sunt</span> <span class='ocrx_word' id='word_1_61' title='bbox 2226 1271 2327 1348; x_wconf 88' lang='lat' dir='ltr'>qui</span> <span class='ocrx_word' id='word_1_62' title='bbox 2370 1270 2527 1327; x_wconf 88' lang='lat' dir='ltr'>inter</span> <span class='ocrx_word' id='word_1_63' title='bbox 2570 1286 2637 1327; x_wconf 88' lang='lat' dir='ltr'>se</span> <span class='ocrx_word' id='word_1_64' title='bbox 2694 1286 2839 1326; x_wconf 88' lang='lat' dir='ltr'>con-</span> 
     </span>
     <span class='ocr_line' id='line_1_9' title="bbox 558 1368 2841 1448; baseline -0.002 -19"><span class='ocrx_word' id='word_1_65' title='bbox 558 1371 827 1429; x_wconf 86' lang='lat' dir='ltr'>sentiant</span> <span class='ocrx_word' id='word_1_66' title='bbox 868 1390 1071 1448; x_wconf 89' lang='lat' dir='ltr'>neque</span> <span class='ocrx_word' id='word_1_67' title='bbox 1113 1390 1222 1431; x_wconf 86' lang='lat' dir='ltr'>eos</span> <span class='ocrx_word' id='word_1_68' title='bbox 1267 1391 1343 1431; x_wconf 86' lang='lat' dir='ltr'>ex</span> <span class='ocrx_word' id='word_1_69' title='bbox 1385 1374 1502 1431; x_wconf 88' lang='lat' dir='ltr'>alio</span> <span class='ocrx_word' id='word_1_70' title='bbox 1551 1373 1732 1432; x_wconf 88' lang='lat' dir='ltr'>alium</span> <span class='ocrx_word' id='word_1_71' title='bbox 1775 1373 2047 1448; x_wconf 89' lang='lat' dir='ltr'>pendere</span> <span class='ocrx_word' id='word_1_72' title='bbox 2086 1371 2215 1429; x_wconf 89' lang='lat' dir='ltr'>ueri</span> <span class='ocrx_word' id='word_1_73' title='bbox 2280 1379 2377 1429; x_wconf 88' lang='lat' dir='ltr'>est</span> <span class='ocrx_word' id='word_1_74' title='bbox 2420 1369 2631 1438; x_wconf 87' lang='lat' dir='ltr'>simile,</span> <span class='ocrx_word' id='word_1_75' title='bbox 2672 1368 2841 1427; x_wconf 89' lang='lat' dir='ltr'>uelut</span> 
     </span>
     <span class='ocr_line' id='line_1_10' title="bbox 559 1470 2836 1548; baseline -0.002 -18"><span class='ocrx_word' id='word_1_76' title='bbox 559 1474 914 1548; x_wconf 87' lang='lat' dir='ltr'>Anonymus</span> <span class='ocrx_word' id='word_1_77' title='bbox 965 1483 1193 1543; x_wconf 84' lang='lat' dir='ltr'>noster,</span> <span class='ocrx_word' id='word_1_78' title='bbox 1240 1472 1650 1548; x_wconf 85' lang='lat' dir='ltr'>Cominianus‚</span> <span class='ocrx_word' id='word_1_79' title='bbox 1694 1474 2029 1532; x_wconf 77' lang='lat' dir='ltr'>Romanus,</span> <span class='ocrx_word' id='word_1_80' title='bbox 2116 1472 2219 1531; x_wconf 89' lang='lat' dir='ltr'>Eis</span> <span class='ocrx_word' id='word_1_81' title='bbox 2275 1471 2456 1546; x_wconf 89' lang='lat' dir='ltr'>igitur</span> <span class='ocrx_word' id='word_1_82' title='bbox 2509 1470 2573 1527; x_wconf 92' lang='lat' dir='ltr'>in</span> <span class='ocrx_word' id='word_1_83' title='bbox 2620 1470 2836 1545; x_wconf 90' lang='lat' dir='ltr'>quibus</span> 
     </span>
    </p>
   </div>
   <div class='ocr_carea' id='block_1_3' title="bbox 469 1572 2840 1650">
    <p class='ocr_par' dir='ltr' id='par_1_3' title="bbox 469 1572 2840 1650">
     <span class='ocr_line' id='line_1_11' title="bbox 469 1572 2840 1650; baseline -0.001 -20"><span class='ocrx_word' id='word_1_84' title='bbox 469 1638 476 1645; x_wconf 49' lang='lat'><em>,</em></span> <span class='ocrx_word' id='word_1_85' title='bbox 559 1573 620 1630; x_wconf 90' lang='lat' dir='ltr'>hi</span> <span class='ocrx_word' id='word_1_86' title='bbox 686 1582 1030 1649; x_wconf 87' lang='lat' dir='ltr'>congruunt</span> <span class='ocrx_word' id='word_1_87' title='bbox 1087 1575 1468 1650; x_wconf 87' lang='lat' dir='ltr'>inuestigatis</span> <span class='ocrx_word' id='word_1_88' title='bbox 1531 1582 1843 1633; x_wconf 89' lang='lat' dir='ltr'>auctorem</span> <span class='ocrx_word' id='word_1_89' title='bbox 1901 1574 2069 1632; x_wconf 92' lang='lat' dir='ltr'>cuius</span> <span class='ocrx_word' id='word_1_90' title='bbox 2135 1573 2347 1631; x_wconf 90' lang='lat' dir='ltr'>librum</span> <span class='ocrx_word' id='word_1_91' title='bbox 2412 1572 2494 1629; x_wconf 90' lang='lat' dir='ltr'>illi</span> <span class='ocrx_word' id='word_1_92' title='bbox 2558 1572 2840 1629; x_wconf 88' lang='lat' dir='ltr'>adierunt</span> 
     </span>
    </p>
   </div>
   <div class='ocr_carea' id='block_1_4' title="bbox 558 1673 2847 2656">
    <p class='ocr_par' dir='ltr' id='par_1_4' title="bbox 558 1673 2847 2656">
     <span class='ocr_line' id='line_1_12' title="bbox 559 1673 2839 1750; baseline -0 -19"><span class='ocrx_word' id='word_1_93' title='bbox 559 1690 774 1731; x_wconf 87' lang='lat' dir='ltr'>eruere</span> <span class='ocrx_word' id='word_1_94' title='bbox 826 1691 1168 1748; x_wconf 80' lang='lat' dir='ltr'>possumus,</span> <span class='ocrx_word' id='word_1_95' title='bbox 1256 1676 1393 1733; x_wconf 91' lang='lat' dir='ltr'>Hac</span> <span class='ocrx_word' id='word_1_96' title='bbox 1450 1676 1686 1733; x_wconf 86' lang='lat' dir='ltr'>ratione</span> <span class='ocrx_word' id='word_1_97' title='bbox 1739 1675 1834 1733; x_wconf 91' lang='lat' dir='ltr'>usi</span> <span class='ocrx_word' id='word_1_98' title='bbox 1876 1694 1915 1733; x_wconf 89' lang='lat' dir='ltr'>a</span> <span class='ocrx_word' id='word_1_99' title='bbox 1956 1674 2277 1750; x_wconf 84' lang='lat' dir='ltr'>postremis</span> <span class='ocrx_word' id='word_1_100' title='bbox 2323 1673 2683 1748; x_wconf 89' lang='lat' dir='ltr'>incipientes</span> <span class='ocrx_word' id='word_1_101' title='bbox 2728 1691 2839 1749; x_wconf 88' lang='lat' dir='ltr'>per</span> 
     </span>
     <span class='ocr_line' id='line_1_13' title="bbox 558 1774 2841 1851; baseline 0.001 -21"><span class='ocrx_word' id='word_1_102' title='bbox 558 1774 782 1849; x_wconf 89' lang='lat' dir='ltr'>gradus</span> <span class='ocrx_word' id='word_1_103' title='bbox 827 1775 912 1830; x_wconf 89' lang='lat' dir='ltr'>ad</span> <span class='ocrx_word' id='word_1_104' title='bbox 973 1774 1210 1833; x_wconf 89' lang='lat' dir='ltr'>fontem</span> <span class='ocrx_word' id='word_1_105' title='bbox 1253 1794 1329 1833; x_wconf 86' lang='lat' dir='ltr'>ex</span> <span class='ocrx_word' id='word_1_106' title='bbox 1374 1792 1496 1851; x_wconf 93' lang='lat' dir='ltr'>quo</span> <span class='ocrx_word' id='word_1_107' title='bbox 1541 1793 1756 1835; x_wconf 87' lang='lat' dir='ltr'>omnes</span> <span class='ocrx_word' id='word_1_108' title='bbox 1800 1776 2104 1833; x_wconf 85' lang='lat' dir='ltr'>fluxerunt</span> <span class='ocrx_word' id='word_1_109' title='bbox 2152 1775 2659 1833; x_wconf 86' lang='lat' dir='ltr'>adscendendum</span> <span class='ocrx_word' id='word_1_110' title='bbox 2713 1775 2841 1833; x_wconf 89' lang='lat' dir='ltr'>erit.</span> 
     </span>
     <span class='ocr_line' id='line_1_14' title="bbox 564 1874 2841 1950; baseline -0 -18"><span class='ocrx_word' id='word_1_111' title='bbox 564 1874 824 1933; x_wconf 85' lang='lat' dir='ltr'>Accedit</span> <span class='ocrx_word' id='word_1_112' title='bbox 867 1874 1122 1931; x_wconf 88' lang='lat' dir='ltr'>alterum</span> <span class='ocrx_word' id='word_1_113' title='bbox 1165 1892 1286 1949; x_wconf 91' lang='lat' dir='ltr'>quo</span> <span class='ocrx_word' id='word_1_114' title='bbox 1329 1874 1484 1932; x_wconf 88' lang='lat' dir='ltr'>haec</span> <span class='ocrx_word' id='word_1_115' title='bbox 1525 1876 1624 1933; x_wconf 90' lang='lat' dir='ltr'>uia</span> <span class='ocrx_word' id='word_1_116' title='bbox 1655 1875 2115 1945; x_wconf 89' lang='lat' dir='ltr'>conmendetur‚</span> <span class='ocrx_word' id='word_1_117' title='bbox 2162 1876 2330 1950; x_wconf 92' lang='lat' dir='ltr'>quod</span> <span class='ocrx_word' id='word_1_118' title='bbox 2359 1874 2422 1931; x_wconf 89' lang='lat' dir='ltr'>in</span> <span class='ocrx_word' id='word_1_119' title='bbox 2452 1874 2539 1931; x_wconf 88' lang='lat' dir='ltr'>eis</span> <span class='ocrx_word' id='word_1_120' title='bbox 2574 1874 2677 1950; x_wconf 93' lang='lat' dir='ltr'>qui</span> <span class='ocrx_word' id='word_1_121' title='bbox 2706 1892 2841 1949; x_wconf 83' lang='lat' dir='ltr'>pro-</span> 
     </span>
     <span class='ocr_line' id='line_1_15' title="bbox 563 1974 2835 2051; baseline 0 -20"><span class='ocrx_word' id='word_1_122' title='bbox 563 1976 724 2032; x_wconf 85' lang='lat' dir='ltr'>xime</span> <span class='ocrx_word' id='word_1_123' title='bbox 776 1974 1002 2031; x_wconf 84' lang='lat' dir='ltr'>absunt</span> <span class='ocrx_word' id='word_1_124' title='bbox 1058 1975 1136 2031; x_wconf 90' lang='lat' dir='ltr'>ab</span> <span class='ocrx_word' id='word_1_125' title='bbox 1182 1975 1532 2033; x_wconf 88' lang='lat' dir='ltr'>auctoribus</span> <span class='ocrx_word' id='word_1_126' title='bbox 1585 1977 1763 2035; x_wconf 87' lang='lat' dir='ltr'>nobis</span> <span class='ocrx_word' id='word_1_127' title='bbox 1809 1977 2063 2035; x_wconf 86' lang='lat' dir='ltr'>seruatis</span> <span class='ocrx_word' id='word_1_128' title='bbox 2109 1976 2339 2051; x_wconf 87' lang='lat' dir='ltr'>optime</span> <span class='ocrx_word' id='word_1_129' title='bbox 2384 1983 2655 2033; x_wconf 85' lang='lat' dir='ltr'>statuere</span> <span class='ocrx_word' id='word_1_130' title='bbox 2699 1994 2835 2051; x_wconf 90' lang='lat' dir='ltr'>pos-</span> 
     </span>
     <span class='ocr_line' id='line_1_16' title="bbox 562 2074 2842 2153; baseline 0.002 -21"><span class='ocrx_word' id='word_1_131' title='bbox 562 2092 766 2133; x_wconf 89' lang='lat' dir='ltr'>sumus</span> <span class='ocrx_word' id='word_1_132' title='bbox 809 2092 970 2151; x_wconf 87' lang='lat' dir='ltr'>quae</span> <span class='ocrx_word' id='word_1_133' title='bbox 1013 2074 1170 2132; x_wconf 89' lang='lat' dir='ltr'>ratio</span> <span class='ocrx_word' id='word_1_134' title='bbox 1214 2076 1557 2135; x_wconf 89' lang='lat' dir='ltr'>intercedat</span> <span class='ocrx_word' id='word_1_135' title='bbox 1599 2077 1757 2135; x_wconf 87' lang='lat' dir='ltr'>inter</span> <span class='ocrx_word' id='word_1_136' title='bbox 1786 2077 2057 2153; x_wconf 88' lang='lat' dir='ltr'>singulos</span> <span class='ocrx_word' id='word_1_137' title='bbox 2087 2077 2517 2151; x_wconf 86' lang='lat' dir='ltr'>grammaticos</span> <span class='ocrx_word' id='word_1_138' title='bbox 2550 2085 2613 2135; x_wconf 85' lang='lat' dir='ltr'>et</span> <span class='ocrx_word' id='word_1_139' title='bbox 2641 2076 2842 2136; x_wconf 89' lang='lat' dir='ltr'>fontes</span> 
     </span>
     <span class='ocr_line' id='line_1_17' title="bbox 567 2174 2847 2254; baseline 0.001 -23"><span class='ocrx_word' id='word_1_140' title='bbox 567 2192 796 2244; x_wconf 89' lang='lat' dir='ltr'>eorum,</span> <span class='ocrx_word' id='word_1_141' title='bbox 841 2192 1000 2251; x_wconf 90' lang='lat' dir='ltr'>quae</span> <span class='ocrx_word' id='word_1_142' title='bbox 1042 2174 1201 2233; x_wconf 87' lang='lat' dir='ltr'>inter</span> <span class='ocrx_word' id='word_1_143' title='bbox 1244 2177 1614 2253; x_wconf 80' lang='lat' dir='ltr'>exemplaria</span> <span class='ocrx_word' id='word_1_144' title='bbox 1656 2178 1933 2236; x_wconf 88' lang='lat' dir='ltr'>eiusdem</span> <span class='ocrx_word' id='word_1_145' title='bbox 1964 2177 2165 2254; x_wconf 88' lang='lat' dir='ltr'>operis</span> <span class='ocrx_word' id='word_1_146' title='bbox 2218 2178 2435 2253; x_wconf 91' lang='lat' dir='ltr'>quibus</span> <span class='ocrx_word' id='word_1_147' title='bbox 2486 2176 2702 2252; x_wconf 88' lang='lat' dir='ltr'>singuli</span> <span class='ocrx_word' id='word_1_148' title='bbox 2752 2178 2847 2235; x_wconf 89' lang='lat' dir='ltr'>usi</span> 
     </span>
     <span class='ocr_line' id='line_1_18' title="bbox 563 2275 2844 2354; baseline 0 -20"><span class='ocrx_word' id='word_1_149' title='bbox 563 2284 722 2349; x_wconf 84' lang='lat' dir='ltr'>sunt,</span> <span class='ocrx_word' id='word_1_150' title='bbox 753 2292 908 2350; x_wconf 89' lang='lat' dir='ltr'>quae</span> <span class='ocrx_word' id='word_1_151' title='bbox 935 2275 1092 2333; x_wconf 89' lang='lat' dir='ltr'>inter</span> <span class='ocrx_word' id='word_1_152' title='bbox 1116 2275 1266 2337; x_wconf 90' lang='lat' dir='ltr'>haec</span> <span class='ocrx_word' id='word_1_153' title='bbox 1303 2286 1366 2335; x_wconf 88' lang='lat' dir='ltr'>et</span> <span class='ocrx_word' id='word_1_154' title='bbox 1409 2278 1624 2336; x_wconf 89' lang='lat' dir='ltr'>librum</span> <span class='ocrx_word' id='word_1_155' title='bbox 1662 2280 1901 2353; x_wconf 87' lang='lat' dir='ltr'>qualem</span> <span class='ocrx_word' id='word_1_156' title='bbox 1936 2286 2149 2336; x_wconf 88' lang='lat' dir='ltr'>auctor</span> <span class='ocrx_word' id='word_1_157' title='bbox 2174 2279 2306 2353; x_wconf 87' lang='lat' dir='ltr'>ipse</span> <span class='ocrx_word' id='word_1_158' title='bbox 2338 2277 2708 2354; x_wconf 88' lang='lat' dir='ltr'>conscripsit.</span> <span class='ocrx_word' id='word_1_159' title='bbox 2754 2278 2844 2335; x_wconf 79' lang='lat' dir='ltr'>Si-</span> 
     </span>
     <span class='ocr_line' id='line_1_19' title="bbox 567 2375 2846 2455; baseline 0.001 -22"><span class='ocrx_word' id='word_1_160' title='bbox 567 2376 730 2433; x_wconf 89' lang='lat' dir='ltr'>milia</span> <span class='ocrx_word' id='word_1_161' title='bbox 772 2384 958 2451; x_wconf 88' lang='lat' dir='ltr'>atque</span> <span class='ocrx_word' id='word_1_162' title='bbox 1003 2375 1067 2433; x_wconf 89' lang='lat' dir='ltr'>in</span> <span class='ocrx_word' id='word_1_163' title='bbox 1109 2375 1220 2435; x_wconf 89' lang='lat' dir='ltr'>hos</span> <span class='ocrx_word' id='word_1_164' title='bbox 1276 2378 1460 2436; x_wconf 89' lang='lat' dir='ltr'>etiam</span> <span class='ocrx_word' id='word_1_165' title='bbox 1502 2379 1565 2436; x_wconf 92' lang='lat' dir='ltr'>in</span> <span class='ocrx_word' id='word_1_166' title='bbox 1611 2379 2021 2454; x_wconf 87' lang='lat' dir='ltr'>antiquiorum</span> <span class='ocrx_word' id='word_1_167' title='bbox 2075 2380 2257 2437; x_wconf 88' lang='lat' dir='ltr'>libros</span> <span class='ocrx_word' id='word_1_168' title='bbox 2302 2381 2526 2439; x_wconf 90' lang='lat' dir='ltr'>cadere</span> <span class='ocrx_word' id='word_1_169' title='bbox 2571 2398 2609 2437; x_wconf 90' lang='lat' dir='ltr'>a</span> <span class='ocrx_word' id='word_1_170' title='bbox 2650 2380 2846 2455; x_wconf 88' lang='lat' dir='ltr'>priore</span> 
     </span>
     <span class='ocr_line' id='line_1_20' title="bbox 561 2476 2845 2557; baseline 0.002 -25"><span class='ocrx_word' id='word_1_171' title='bbox 561 2476 927 2533; x_wconf 90' lang='lat' dir='ltr'>sumendum</span> <span class='ocrx_word' id='word_1_172' title='bbox 970 2485 1080 2535; x_wconf 87' lang='lat' dir='ltr'>est.</span> <span class='ocrx_word' id='word_1_173' title='bbox 1165 2478 1236 2535; x_wconf 90' lang='lat' dir='ltr'>In</span> <span class='ocrx_word' id='word_1_174' title='bbox 1279 2479 1392 2537; x_wconf 89' lang='lat' dir='ltr'>hac</span> <span class='ocrx_word' id='word_1_175' title='bbox 1433 2479 1612 2555; x_wconf 89' lang='lat' dir='ltr'>igitur</span> <span class='ocrx_word' id='word_1_176' title='bbox 1656 2479 1777 2549; x_wconf 90' lang='lat' dir='ltr'>uia,</span> <span class='ocrx_word' id='word_1_177' title='bbox 1824 2498 2009 2556; x_wconf 90' lang='lat' dir='ltr'>quam</span> <span class='ocrx_word' id='word_1_178' title='bbox 2056 2480 2321 2538; x_wconf 85' lang='lat' dir='ltr'>breuiter</span> <span class='ocrx_word' id='word_1_179' title='bbox 2358 2480 2671 2557; x_wconf 88' lang='lat' dir='ltr'>descripsi,</span> <span class='ocrx_word' id='word_1_180' title='bbox 2708 2498 2845 2555; x_wconf 85' lang='lat' dir='ltr'>gra-</span> 
     </span>
     <span class='ocr_line' id='line_1_21' title="bbox 566 2569 2121 2656; baseline 0.004 -23"><span class='ocrx_word' id='word_1_181' title='bbox 566 2578 710 2635; x_wconf 89' lang='lat' dir='ltr'>dum</span> <span class='ocrx_word' id='word_1_182' title='bbox 753 2569 958 2635; x_wconf 83' lang='lat' dir='ltr'>facere</span> <span class='ocrx_word' id='word_1_183' title='bbox 1003 2576 1138 2637; x_wconf 91' lang='lat' dir='ltr'>huic</span> <span class='ocrx_word' id='word_1_184' title='bbox 1182 2580 1523 2653; x_wconf 87' lang='lat' dir='ltr'>quaestioni</span> <span class='ocrx_word' id='word_1_185' title='bbox 1569 2579 1947 2656; x_wconf 88' lang='lat' dir='ltr'>propositum</span> <span class='ocrx_word' id='word_1_186' title='bbox 1992 2580 2121 2641; x_wconf 91' lang='lat' dir='ltr'>fuit.</span> 
     </span>
    </p>
   </div>
  </div>
 </body>
</html>
