3459 5217
1522 493 1877 546 -17-

563 690 748 751 quam
805 671 905 728 ille
969 669 1266 731 adhibuit.
1355 669 1791 746 Exemplorum
1858 686 2101 745 quoque
2166 685 2305 726 cum
2366 669 2489 726 duo
2556 677 2619 727 et
2685 669 2853 746 apud

567 775 1002 832 Palaemonem
1064 779 1127 828 et
1195 773 1364 847 apud
1407 770 1745 829 Charisium
1802 771 2082 838 redeant,
2150 770 2391 826 tertium
2454 771 2625 846 quod
2688 773 2855 846 apud

564 874 899 933 Charisium
969 879 1174 929 exstat
1235 873 1336 929 ille
1402 891 1528 930 non
1584 871 1792 931 habet.
1877 871 2093 945 Itaque
2140 868 2395 927 Charisii
2460 871 2759 946 expositio
2820 889 2855 926 e

565 975 937 1034 Palaemone
983 981 1274 1050 excerpta
1318 992 1448 1032 non
1491 981 1608 1034 est.
1695 972 1982 1031 Ceterum
2013 973 2390 1029 monendum·
2421 980 2514 1029 est
2544 972 2857 1030 Donatum

563 1077 642 1133 de
688 1076 806 1132 hac
861 1073 1206 1131 differentia
1263 1075 1325 1131 in
1381 1073 1764 1150 paragrapho
1810 1074 1890 1130 de
1934 1073 2178 1131 casibus
2236 1073 2422 1146 loqui,
2490 1071 2855 1131 Diomedem

563 1193 712 1233 uero
757 1175 922 1233 hunc
965 1182 1288 1233 tractatum
1333 1177 1397 1233 in
1441 1175 1642 1250 capite
1696 1176 1777 1231 de
1832 1191 2137 1232 consensu
2190 1173 2517 1230 uerborum
2572 1191 2709 1231 cum
2756 1191 2857 1231 ca-

563 1279 726 1335 sibus
770 1276 1050 1352 posuisse
1094 1269 1195 1354 (cf.
1237 1294 1296 1351 p.
1331 1278 1473 1350 317,
1503 1273 1629 1350 23).
1715 1275 1999 1350 Denique
2043 1274 2353 1333 Charisius
2397 1271 2479 1348 (p.
2527 1277 2667 1352 154,
2696 1278 2852 1334 16-

567 1379 694 1452 20),
741 1378 1095 1453 Anonymus
1140 1377 1464 1435 Bobiensis
1509 1371 1595 1456 (p.
1640 1380 1784 1447 535,
1830 1371 2084 1456 9—11)‚
2129 1375 2463 1435 Dositheus
2508 1371 2595 1451 (p.
2642 1379 2781 1454 394,
2816 1379 2853 1436 8

567 1474 758 1556 -10)
820 1480 900 1537 de
957 1479 1322 1554 quibusdam
1377 1479 1724 1536 nominibus
1783 1486 1995 1554 agunt,
2062 1495 2225 1554 quae
2289 1495 2415 1535 non
2473 1495 2582 1553 per
2642 1495 2856 1535 omnes

571 1597 746 1638 casus
808 1580 1137 1638 uariantur.
1224 1579 1400 1638 Haec
1457 1580 1624 1655 apud
1668 1578 2040 1637 Diomedem
2085 1577 2522 1652 Donatumque
2572 1597 2699 1636 non
2754 1597 2859 1635 ex-

571 1688 747 1742 stant.
835 1675 1139 1755 Donatus,
1185 1689 1516 1756 postquam
1547 1682 1628 1738 de
1675 1680 1939 1756 septimo
1984 1697 2129 1739 casu
2177 1679 2413 1747 locutus
2457 1688 2567 1754 est,
2614 1681 2694 1736 de
2742 1680 2859 1737 for-

565 1781 676 1838 mis
723 1782 1069 1839 casualibus
1115 1799 1224 1838 sex
1268 1781 1514 1839 disserit
1563 1779 1644 1857 (p.
1692 1783 1835 1858 377,
1884 1773 2173 1858 23-29),
2235 1781 2456 1838 eadem
2500 1783 2663 1856 apud
2710 1780 2859 1838 Dio-

565 1883 811 1938 medem
856 1876 944 1958 (p.
993 1884 1134 1951 309,
1184 1884 1262 1940 10
1307 1880 1422 1957 sq.)
1467 1884 1747 1941 redeunt.
1834 1881 2173 1939 Diomedes
2218 1880 2461 1938 duobus
2508 1882 2587 1938 de
2634 1880 2749 1939 hac
2796 1899 2861 1940 re

566 1983 924 2040 tractatibus
968 2001 1114 2041 usus
1157 1991 1274 2058 est,
1346 2001 1502 2060 quos
1546 1983 1630 2040 ita
1675 1983 2142 2060 conglutinauit‚
2212 1991 2279 2039 ut
2324 1982 2562 2039 difficile
2606 1983 2684 2039 sit
2744 1990 2861 2040 ter-

567 2083 797 2138 minum
861 2083 1020 2140 inter
1082 2101 1190 2141 eos
1257 2101 1504 2159 ponere.
1590 2083 1714 2142 Sed
1779 2084 1827 2141 si
1889 2101 1948 2158 p,
1996 2085 2136 2155 309,
2186 2084 2395 2142 7-10
2446 2075 2659 2140 ‘nihili‘
2722 2101 2861 2140 cum

570 2201 628 2258 p.
677 2185 816 2252 308,
864 2185 936 2244 17
996 2185 1404 2263 conferuntur,
1471 2186 1552 2242 ibi
1606 2186 1948 2243 secundum
1998 2192 2343 2260 tractatum,
2414 2185 2581 2242 cuius
2625 2184 2860 2241 initium

571 2285 761 2360 periit,
831 2285 1099 2361 incipere
1165 2295 1351 2362 patet.
1441 2283 1594 2344 Cum
1653 2286 1773 2344 hoc
1827 2285 2107 2344 Donatus
2164 2287 2487 2344 consentit.
2578 2284 2857 2360 Denique

571 2387 737 2461 apud
781 2385 1098 2444 Donatum
1140 2405 1200 2462 p.
1246 2389 1386 2463 377,
1436 2381 1677 2447 29-31
1727 2387 1979 2444 nomina
2024 2393 2553 2444 conmemorantur
2599 2403 2854 2461 quorum

568 2487 981 2554 nominatiuus
1038 2487 1100 2544 in
1152 2505 1266 2546 usu
1323 2505 1449 2545 non
1507 2496 1620 2562 est,
1689 2489 1911 2546 eadem
1954 2489 2121 2563 apud
2164 2486 2531 2544 Diomedem
2578 2487 2859 2562 leguntur

567 2585 650 2667 (p.
695 2590 837 2656 328,
885 2581 1177 2668 23—25).
1265 2589 1440 2648 Haec
1491 2589 1702 2666 reliqui
1757 2597 1877 2648 tres
1923 2589 2226 2646 omittunt.
2315 2585 2495 2657 Quae
2539 2596 2857 2662 praeterea

573 2687 858 2746 Donatus
905 2689 1169 2758 exhibet,
1239 2707 1404 2749 nunc
1449 2691 1686 2766 omitt0‚
1753 2698 1821 2747 ut
1882 2707 2040 2765 quae
2096 2689 2339 2764 proprie
2398 2688 2481 2745 ad
2540 2696 2723 2763 caput
2776 2689 2857 2744 de

576 2791 824 2848 nomine
871 2809 998 2850 non
1040 2793 1406 2868 pertineant.

770 2893 896 2950 Iam
939 2893 1398 2951 subsistendum
1443 2903 1552 2966 est,
1621 2902 1689 2951 ut
1738 2894 1886 2968 quid
1934 2893 2277 2951 conlatione
2320 2900 2528 2950 nostra
2571 2892 2859 2949 efficiatur

575 2993 941 3068 colligamus
1029 2995 1325 3054 Accurata
1368 2995 1803 3071 conparatione
1848 3012 2030 3071 quam
2074 2994 2441 3052 instituimus
2492 2995 2749 3070 primum
2793 2995 2859 3051 id

573 3097 1053 3156 demonstratum
1109 3104 1206 3154 est
1264 3097 1528 3172 quinque
1579 3097 1711 3153 illos
1761 3095 2187 3170 grammaticos
2229 3113 2355 3152 non
2409 3096 2605 3153 solum
2645 3112 2858 3152 omnes

570 3200 834 3256 eandem
891 3199 1203 3256 materiam
1259 3197 1540 3274 amplecti
1601 3205 1664 3255 et
1719 3199 1971 3261 easdem
2030 3214 2125 3255 res
2185 3197 2427 3268 docere,
2494 3198 2609 3254 sed
2674 3197 2857 3254 etiam

567 3298 920 3375 plerumque
965 3301 1183 3358 eadem
1227 3301 1542 3360 enuntiata
1586 3298 1899 3375 praebere.
1986 3299 2057 3356 In
2102 3306 2272 3356 tanto
2323 3299 2853 3372 grammaticorum

569 3417 877 3456 consensu
923 3401 1178 3460 dubium
1226 3419 1362 3458 esse
1419 3419 1543 3459 non
1586 3407 1811 3476 potest,
1880 3400 2027 3476 quin
2071 3407 2266 3458 totum
2312 3399 2431 3458 hoc
2475 3401 2557 3456 de
2612 3401 2856 3456 nomine
2906 3409 2933 3434 ⁶

570 3507 771 3573 caput,
817 3503 992 3574 quale
1037 3503 1205 3578 apud
1244 3502 1594 3580 Charisium,
1638 3501 2027 3577 Anonymum
2065 3501 2451 3569 Bobiensem,
2494 3500 2858 3558 Dositheum

571 3599 828 3670 legimus
872 3608 934 3656 et
980 3618 1136 3675 quae
1180 3602 1320 3660 huic
1371 3603 1536 3677 apud
1579 3601 1950 3660 Diomedem
1994 3610 2056 3659 et
2100 3602 2413 3659 Donatum
2465 3604 2857 3681 respondent,

575 3697 656 3752 ad
713 3714 902 3754 unum
967 3703 1425 3774 grammaticum
1482 3703 1873 3761 referendum
1924 3705 2021 3762 sit.
2110 3702 2387 3760 Auctoris
2441 3711 2666 3760 nomen
2724 3721 2859 3760 cum

576 3812 779 3870 neque
823 3797 1028 3857 adhuc
1071 3803 1396 3860 occurrerit
1438 3821 1660 3880 neque,
1707 3813 1774 3862 ut
1816 3804 2387 3879 demonstrabimus,
2434 3804 2720 3862 traditum
2763 3806 2859 3881 sit,

575 3896 963 3972 Anonymum
1004 3919 1146 3960 eum
1191 3902 1500 3978 aptissime
1548 3905 2001 3980 appellabimus,

772 3999 897 4057 Sed
961 4002 1144 4061 etiam
1203 4005 1370 4062 aliud
1425 4004 1528 4066 illa
1581 4006 2013 4081 conparatione
2072 4005 2343 4077 efficitur,
2409 4025 2535 4064 non
2596 4009 2857 4064 eandem

574 4099 734 4156 inter
776 4119 990 4159 omnes
1034 4103 1416 4163 intercedere
1458 4107 1773 4176 rationem,
1838 4107 1953 4164 sed
1998 4107 2242 4182 propius
2288 4124 2553 4165 conexos
2600 4125 2738 4164 esse
2782 4125 2857 4164 ex

573 4209 697 4258 una
731 4211 906 4277 parte
948 4203 1306 4273 Charisium,
1351 4206 1737 4282 Anonymum
1794 4207 2180 4280 Bobiensem,
2230 4208 2609 4286 Dositheum‚
2654 4227 2731 4266 ex
2775 4210 2859 4266 al-

574 4308 705 4362 tera
735 4303 1104 4364 Diomedem
1143 4315 1208 4364 et
1235 4307 1566 4368 Donatum.
1653 4308 1781 4366 Iam
1826 4310 2161 4368 accuratius
2212 4311 2387 4368 nobis
2431 4310 2859 4386 inquirendum

570 4402 702 4477 erit,
773 4422 933 4481 quae
987 4408 1142 4466 inter
1195 4408 1304 4466 has
1359 4409 1530 4485 quasi
1584 4410 1811 4468 classes
1864 4412 2015 4469 ratio
2058 4412 2417 4481 intercedat,
2484 4429 2643 4486 quae
2702 4413 2861 4469 inter

571 4511 890 4581 utramque
936 4516 998 4566 et
1041 4509 1432 4586 Anonymum
1473 4510 1637 4568 illum
1679 4513 2153 4587 grammaticum.

2432 4611 2465 4662 2
