3459 5217
1426 467 1781 520 -21-

458 665 515 720 p.
564 646 702 718 376,
749 620 823 704 7':
892 639 1064 702 ‘sunt
1103 643 1248 703 item
1291 661 1452 720 quae
1495 664 1623 702 non
1667 652 1916 703 seruant
1958 662 2189 719 genera
2230 663 2385 720 quae
2434 664 2513 702 ex
2555 645 2751 732 nomi-

461 747 635 804 nibus
667 744 898 820 primae
937 745 1260 820 positionis
1309 731 1728 821 acceperunt'.
1777 777 1853 785 —
1900 745 2186 821 Denique
2232 744 2459 804 ChariS.
2502 766 2563 822 p.
2608 747 2749 820 157,

466 851 559 907 19.
607 850 706 915 20,
751 846 953 906 Anon.
997 847 1146 907 Bob.
1191 866 1249 922 p.
1295 849 1435 926 537,
1481 851 1577 907 11.
1628 851 1725 925 12,
1772 847 2012 908 Dosith.
2058 867 2117 924 p.
2164 850 2305 920 401,
2358 849 2415 908 4.
2450 851 2516 909 5:
2558 835 2747 904 ‘scito

460 955 664 1006 autem
711 949 1178 1024 conparatiuum
1220 948 1478 1023 gradum
1530 949 1864 1007 ablatiuum
1929 967 2140 1007 casum
2204 949 2449 1007 trahere
2514 948 2747 1007 numeri

457 1058 580 1108 tam
626 1049 960 1123 singularis¹
989 1067 1169 1125 quam
1212 1036 1503 1128 pluralis',
1550 1049 1752 1110 Diom.
1783 1069 1841 1126 p.
1880 1053 2022 1120 325,
2069 1052 2123 1111 9.
2166 1051 2257 1120 10,
2303 1051 2463 1110 Don.
2508 1068 2567 1125 p.
2604 1050 2746 1115 375,

456 1152 512 1212 4.
559 1151 626 1211 5:
686 1139 1152 1226 ‘conparatiuus
1208 1149 1446 1225 ‘gradus
1513 1150 1782 1209 ablatiuo
1850 1151 2018 1210 casui
2082 1151 2349 1226 iungitur
2402 1151 2745 1225 (Donatusz

455 1243 830 1329 adiungitur)
873 1251 1182 1325 utriusque
1223 1251 1458 1309 numeri
1471 1235 1507 1310 ³.

655 1353 970 1411 Postremo
1039 1354 1306 1429 denique
1374 1353 1511 1412 loco
1568 1371 1642 1410 ea
1688 1371 1937 1429 quoque
2000 1354 2522 1412 conmemoranda
2582 1359 2743 1422 sunt,

460 1471 618 1528 quae
661 1454 721 1510 in
761 1452 951 1511 altera
997 1453 1189 1512 classe
1232 1455 1531 1529 leguntur,
1576 1454 1639 1511 in
1681 1455 1873 1527 altera
1918 1455 2295 1516 omittuntur.
2372 1440 2552 1528 Quae
2596 1453 2742 1512 Dio-

460 1556 672 1612 medes
741 1551 820 1631 (p.
889 1556 1030 1626 322,
1099 1549 1290 1627 3—5)
1357 1565 1422 1613 et
1486 1556 1768 1614 Donatus
1815 1553 1894 1630 (p.
1943 1557 2084 1634 373,
2151 1549 2425 1634 10—11)
2473 1556 2743 1632 tradunt,

458 1657 856 1731 praenomina
898 1664 1002 1715 aut
1046 1657 1296 1733 singulis
1341 1666 1446 1715 aut
1475 1657 1630 1716 binis
1663 1665 1770 1714 aut
1805 1659 1990 1716 ternis
2021 1657 2234 1715 litteris
2267 1656 2481 1726 notari,
2533 1657 2746 1732 reliqui

459 1766 582 1815 tres
629 1758 977 1817 omiserunt.
1045 1758 1200 1815 Item
1243 1757 1304 1814 hi
1337 1757 1627 1816 omittunt
1663 1757 1928 1833 speciem
1957 1758 2271 1816 nominum
2299 1776 2459 1833 quae
2490 1758 2746 1834 patriam

455 1857 798 1933 significant
843 1852 1072 1936 (Diom.
1118 1877 1177 1934 p.
1226 1859 1364 1930 322,
1427 1858 1501 1918 15
1551 1866 1614 1915 et
1657 1858 1818 1918 Don.
1861 1878 1923 1934 p.
1972 1861 2112 1928 374,
2160 1854 2245 1935 6),
2291 1866 2420 1916 tum
2470 1858 2746 1916 enuntia-

453 1969 582 2018 tum
646 1959 798 2017 illud
855 1960 1024 2034 quod
1079 1959 1245 2034 apud
1288 1958 1657 2016 Diomedem
1703 1955 1789 2036 (p.
1838 1962 1975 2028 322,
2033 1963 2127 2020 16.
2180 1953 2279 2037 17)
2322 1968 2383 2017 et
2428 1960 2745 2018 Donatum

453 2057 535 2135 (p.
585 2062 724 2132 374,
770 2062 822 2119 7.
870 2055 934 2136 8)
981 2059 1261 2134 legimus:
1324 2053 1466 2117 ‘sed
1506 2061 1732 2135 primus
1779 2062 1859 2118 de
1902 2060 2125 2138 multis,
2172 2061 2253 2118 de
2299 2061 2540 2119 duobus
2582 2061 2745 2136 prior

457 2161 706 2235 dicitur;
774 2161 930 2218 sicut
991 2161 1073 2217 de
1133 2160 1376 2218 duobus
1424 2162 1679 2219 alterum
1747 2161 2022 2239 dicimuS‚
2091 2162 2171 2219 de
2237 2161 2440 2219 multis
2510 2161 2692 2219 alium
2708 2159 2741 2237 ²,

457 2260 683 2317 deinde
730 2261 970 2336 species
1012 2250 1202 2337 ‘quae
1245 2261 1626 2338 participium
1669 2250 1931 2320 sonant'
1978 2271 2043 2320 et
2080 2251 2263 2337 ‘quae
2297 2261 2497 2321 uerbis
2529 2263 2741 2321 similia

456 2349 627 2420 sunt'
673 2360 902 2438 (Diom.
946 2382 1006 2438 p.
1054 2365 1195 2432 322,
1259 2365 1523 2438 21-23,
1588 2357 1750 2425 Don.
1813 2383 1871 2440 p.
1917 2364 2056 2437 374,
2118 2362 2407 2439 12-14),
2473 2363 2740 2439 denique

453 2463 684 2524 ChariS.
729 2483 794 2539 p.
842 2465 977 2534 156,
1021 2467 1078 2534 9,
1146 2465 1344 2523 Anon.
1398 2464 1551 2522 Bob.
1608 2483 1666 2540 p.
1723 2466 1862 2536 536,
1931 2467 2028 2535 10,
2096 2464 2337 2523 Dosith.
2403 2483 2465 2541 p.
2512 2467 2651 2534 398,
2702 2469 2737 2524 2

455 2565 855 2640 neglegenter
898 2565 1184 2623 omittunt
1227 2566 1411 2626 haec:
1473 2553 1578 2624 ‘ut
1619 2560 1881 2644 <dexter
1942 2566 2199 2628 sinister.
2287 2566 2444 2623 haec
2488 2574 2548 2625 et
2592 2585 2737 2624 con-

451 2666 794 2740 paratiuum
827 2667 1085 2741 gradum
1115 2666 1468 2741 admittunt,
1514 2666 1620 2746 ut>
1652 2667 1962 2731 dexterior
1984 2652 2375 2739 sinisterior';
2417 2666 2489 2728 cf.
2535 2667 2736 2728 Diom.

453 2784 512 2840 p.
560 2769 698 2836 322,
746 2768 823 2826 32
871 2775 933 2824 et
976 2766 1138 2826 Don.
1184 2785 1242 2842 p.
1295 2769 1435 2837 374,
1488 2768 1580 2828 10.
1665 2765 1737 2823 In
1774 2767 2154 2843 paragrapho
2186 2767 2269 2826 'de
2300 2768 2738 2844 conparatione

458 2866 790 2926 Diomedes
836 2877 898 2925 et
936 2867 1220 2926 Donatus
1272 2867 1385 2926 soli
1428 2867 1584 2928 haec
1629 2851 1908 2929 tradunt:
1965 2868 2168 2928 Diom.
2218 2888 2276 2945 p.
2324 2869 2465 2947 324,
2516 2871 2611 2929 19.
2658 2871 2739 2929 20

456 2989 534 3016 =
581 2968 734 3030 Don.
775 2989 831 3046 p.
879 2971 1016 3044 374,
1071 2971 1139 3028 17
1155 2985 1168 3040 ;
1223 2969 1424 3030 Diom.
1468 2989 1527 3045 p.
1572 2970 1713 3048 325,
1765 2969 1922 3028 1—9
1965 2993 2043 3019 =
2089 2970 2249 3032 Don.
2295 2988 2352 3046 p.
2386 2972 2526 3044 374,
2574 2971 2739 3030 27-

452 3070 558 3140 34;
598 3069 798 3130 Diom.
842 3088 901 3145 p.
949 3070 1091 3139 325,
1141 3072 1384 3129 11-——12
1430 3093 1510 3120 =
1556 3070 1716 3130 Don.
1760 3089 1821 3146 p.
1870 3072 2008 3140 375,
2056 3072 2111 3130 6.
2164 3073 2227 3141 7;
2274 3069 2473 3130 Diom.
2506 3090 2565 3147 p.
2594 3073 2735 3140 325,

449 3173 690 3231 19--21
739 3195 820 3220 =
866 3171 1028 3232 Don.
1076 3191 1135 3248 p.
1183 3173 1324 3241 375,
1373 3174 1598 3232 9—12.
1689 3171 2018 3230 Praeterea
2078 3171 2162 3229 illi
2221 3180 2343 3230 tres
2406 3189 2534 3230 non
2587 3191 2734 3230 con-

445 3282 788 3331 memorant
856 3272 1291 3332 deminutionis
1360 3274 1589 3348 gradus
1659 3282 1781 3332 tres
1849 3270 2077 3349 (Diom.
2142 3291 2200 3348 p.
2273 3276 2411 3334 325.
2468 3276 2734 3352 26—-28,

445 3376 607 3436 Don.
653 3395 711 3451 p.
756 3378 898 3451 373,
954 3378 1045 3436 15.
1099 3368 1218 3454 16),
1271 3392 1472 3449 neque
1541 3375 1716 3450 quasi
1781 3373 2161 3432 deminutiua
2210 3370 2437 3448 (Diom.
2484 3392 2542 3449 p.
2590 3374 2734 3442 326,

448 3478 543 3536 25.
585 3479 685 3554 26,
732 3476 894 3534 Don.
939 3495 996 3551 p.
1045 3477 1186 3546 873,
1239 3478 1332 3534 16.
1368 3473 1494 3550 17).
1561 3473 1718 3532 Item
1746 3474 1825 3533 illi
1858 3493 1998 3544 non,
2022 3476 2305 3533 locuntur
2350 3476 2429 3532 de
2474 3475 2734 3533 nomini-

447 3575 558 3634 bus
604 3594 761 3650 quae
805 3578 868 3633 in
911 3576 1196 3651 singulari
1237 3591 1502 3636 numero,
1537 3575 1782 3633 alterius
1829 3584 1971 3633 sunt
2012 3571 2252 3652 generis
2300 3583 2363 3633 et
2393 3577 2639 3634 alterius
2672 3576 2731 3633 in

448 3675 660 3749 plurali
704 3684 767 3732 et
810 3694 968 3752 quae
1012 3676 1226 3734 incerti
1269 3682 1412 3733 sunt
1475 3677 1716 3751 generis
1765 3671 1993 3753 (Diom.
2040 3695 2100 3752 p.
2159 3678 2297 3746 327,
2343 3678 2524 3745 1-5,
2572 3675 2731 3736 Don.

333 3810 337 3814 -
446 3793 506 3849 p.
551 3778 692 3844 375,
735 3794 794 3852 p.
841 3778 1148 3844 29—376,
1203 3772 1280 3852 1),
1344 3777 1422 3833 de
1490 3778 1833 3836 nominibus
1878 3778 2009 3836 fixis
2056 3786 2170 3839 ete.
2213 3778 2442 3855 (Diom.
2488 3797 2544 3854 p.
2589 3778 2731 3847 328,

449 3879 549 3935 25.
601 3879 696 3947 26,
743 3877 904 3938 Don.
949 3898 1007 3954 p.
1055 3880 1196 3957 376,
1246 3873 1458 3952 1—7),
1522 3881 1604 3937 de
1667 3880 2012 3937 nominibus
2078 3896 2237 3955 quae
2303 3879 2469 3937 aliud
2536 3897 2733 3954 genus

445 3987 672 4037 sonant
716 3998 792 4037 ac
840 3981 1064 4054 habent
1111 3978 1340 4058 (Diom.
1387 3999 1446 4056 p.
1481 3982 1622 4051 328,
1671 3984 1770 4040 32.
1822 3983 1921 4050 33,
1967 3980 2127 4040 Don.
2173 3999 2231 4055 p.
2268 3982 2405 4054 375,
2442 3977 2731 4058 24—29).

445 4079 730 4156 Denique
793 4080 874 4138 illi
928 4099 1054 4138 non
1115 4081 1423 4138 disserunt
1481 4083 1563 4138 de
1627 4079 1897 4138 ablatiuo
1962 4098 2108 4139 casu
2165 4081 2391 4159 (Diom.
2458 4099 2519 4157 p.
2587 4083 2729 4152 302,

443 4182 630 4250 4—-7‚
676 4181 836 4241 Don.
883 4200 940 4257 p.
987 4183 1128 4250 377,
1179 4182 1274 4240 17.
1327 4176 1451 4257 18).
1509 4211 1588 4220 —
1646 4180 1879 4238 Contra
1934 4180 2269 4238 Diomedes
2328 4189 2391 4238 et
2444 4180 2730 4240 Donatus

443 4298 568 4338 non
634 4289 1112 4351 conmemorant,
1174 4299 1333 4356 quae
1398 4281 1460 4337 in
1520 4280 1761 4339 casibus
1831 4281 2123 4339 deficiunt
2177 4274 2434 4359 (Charis.
2480 4300 2538 4357 p.
2593 4282 2727 4358 154,

448 4384 713 4459 16-20,
757 4384 956 4442 Anon.
1003 4381 1156 4442 Bob.
1203 4383 1343 4457 535,
1391 4383 1613 4450 9—11,
1669 4381 1911 4441 Dosith.
1957 4401 2013 4458 p.
2062 4383 2199 4450 394,
2248 4378 2501 4458 8-10),
2562 4391 2627 4440 et
2668 4384 2731 4441 in

443 4483 828 4560 paragrapho
872 4485 954 4541 de
1001 4484 1442 4560 conparatione
1487 4481 1641 4540 haec
1671 4481 1987 4544 omittunt:
2037 4481 2265 4540 Charis.
2298 4500 2357 4557 p.
2391 4483 2529 4558 156,
2564 4485 2730 4542 21—-

2730 4566 2754 4599 s
