3459 5217
1463 469 1820 524 ...25-

486 649 660 716 latur,
721 664 858 704 cum
902 645 1243 704 Diomedes
1299 665 1334 704 e
1379 647 1603 704 Scauro
1663 631 2083 703 definitionem
2129 653 2359 702 tantum
2410 643 2669 702 nominis
2717 661 2783 701 se

488 748 862 823 prolaturum
904 747 1268 829 esse'dicat.
1355 747 1677 823 Equidem,
1725 763 1864 803 cum
1909 747 2075 821 apud
2107 745 2476 803 Diomedem
2506 753 2582 836 ‚et
2612 743 2781 801 Ano-

489 867 738 924 nymum
783 848 1152 906 Bobiensem
1178 847 1671 923 Dositheumque
1718 847 1872 906 haec
1917 848 2107 905 uerba
2140 848 2410 918 redeant,
2457 845 2779 919 Anonymo

487 968 563 1007 ea
607 949 869 1008 tribuere
912 968 1038 1006 non
1084 949 1319 1010 dubito.
1425 949 1580 1006 Item
1627 947 1967 1006 Charisium
2020 967 2079 1024 p.
2134 950 2267 1016 154,
2317 948 2392 1005 26
2441 963 2529 1020 sq.
2576 963 2779 1003 exem-

486 1053 616 1128 plar
659 1052 1088 1127 interpolatum
1130 1051 1526 1128 exscripsisse
1589 1059 1766 1127 patet
1818 1050 2073 1109 conlatis
2118 1051 2443 1125 Anonymo
2490 1045 2781 1105 Bobiensi

486 1145 572 1229 (p.
601 1154 742 1221 535,
795 1153 894 1228 16)
921 1161 981 1211 et
1009 1153 1309 1211 Dositheo
1345 1146 1428 1229 (p.
1463 1154 1604 1230 395,
1653 1150 1745 1227 5);
1792 1153 1940 1210 uide
1984 1170 2143 1226 quae
2187 1168 2370 1227 supra
2413 1143 2498 1226 (p.
2528 1151 2627 1208 ll.
2674 1149 2779 1224 19)

488 1255 570 1311 de
623 1271 931 1312 consensu
979 1245 1301 1311 Diomedis
1368 1272 1508 1311 cum
1553 1252 1851 1329 Dionysio
1919 1254 2197 1313 diximus,
2297 1250 2515 1327 Neque
2583 1249 2781 1306 minus

487 1354 847 1431 suspicionis
911 1355 1095 1430 plena
1161 1362 1302 1411 sunt
1329 1335 1337 1347 ’
1365 1353 1519 1412 haec
1590 1355 1781 1411 uerba
1850 1353 2107 1413 Charisii
2172 1353 2256 1428 (p.
2328 1354 2477 1426 155,
2546 1353 2619 1409 11
2661 1346 2779 1424 sq.)

482 1446 761 1514 ‘adiecta
803 1456 869 1512 in
914 1455 1255 1513 nouissima
1299 1463 1475 1530 parte
1521 1463 1625 1512 aut
1669 1455 1871 1513 littera
1914 1463 2023 1512 aut
2066 1447 2345 1530 syllaba',
2389 1452 2608 1528 quibus
2633 1450 2782 1525 quid

486 1557 916 1632 grammaticus
960 1555 1302 1630 significare
1348 1555 1610 1613 uoluerit
1655 1556 1943 1632 equidem
2006 1557 2239 1630 ignoro,
2350 1551 2780 1631 Exemplorum

487 1675 642 1732 quae
689 1665 977 1714 secuntur
1019 1674 1098 1712 ne
1149 1674 1272 1714 uno
1313 1656 1561 1732 quidem
1613 1657 2064 1714 demonstratur
2130 1655 2610 1714 deminutionem
2670 1653 2781 1711 ad-

485 1759 646 1817 iecta
690 1758 886 1816 littera
931 1757 1074 1817 fieri.
1179 1757 1423 1831 Reliqui
1488 1757 1588 1815 illa
1655 1759 1845 1815 uerba
1910 1757 2198 1815 omittunt
2259 1751 2490 1834 (Diom.
2536 1773 2596 1830 p.
2644 1755 2781 1822 325,

487 1861 594 1928 25;
642 1859 843 1917 Anon.
888 1858 1038 1918 Bob.
1085 1877 1143 1934 p.
1171 1860 1308 1932 535,
1346 1858 1452 1932 19;
1497 1857 1737 1918 Dosith.
1782 1877 1841 1934 p.
1872 1860 2009 1932 395,
2051 1852 2176 1936 10).
2263 1858 2479 1932 Itaque
2526 1856 2781 1914 demon-

489 1961 807 2019 strauimus
835 1979 870 2017 e
895 1961 1236 2018 retractatis
1269 1961 1711 2036 exemplaribus
1735 1960 1912 2018 huius
1943 1959 2319 2018 recensionis
2351 1967 2415 2016 et
2444 1957 2781 2016 Charisium

493 2070 556 2118 et
598 2062 984 2136 Anonymum
1030 2061 1402 2119 Bobiensem
1446 2060 1937 2136 Dositheumque
1981 2060 2277 2120 hausisse.
2387 2058 2546 2116 Num
2609 2058 2776 2115 idem

494 2162 556 2219 in
604 2161 965 2220 Diomedem
1032 2171 1096 2220 et
1156 2162 1474 2221 Donatum
1520 2164 1702 2220 cadat
1766 2162 2083 2220 diiudicari
2129 2162 2355 2237 nequit.
2442 2158 2600 2217 Nam
2658 2177 2781 2234 qua

494 2263 769 2320 libertate
813 2263 996 2322 fontis
1040 2264 1231 2339 copiis
1275 2264 1366 2322 usi
1411 2272 1574 2341 sunt,
1632 2281 1758 2321 non
1820 2281 1928 2338 per
1989 2280 2056 2320 se
2101 2262 2252 2321 fonti
2302 2261 2481 2320 tribui
2522 2268 2778 2336 possunt

497 2382 653 2439 quae
697 2373 804 2422 aut
846 2365 946 2423 hic
989 2373 1096 2423 aut
1136 2366 1233 2422 ille
1279 2367 1552 2440 praebet.

688 2466 905 2540 Itaque
948 2465 1340 2540 inquisitione
1385 2473 1594 2523 nostra
1638 2467 2128 2523 demonstratum
2171 2470 2267 2521 est
2314 2482 2473 2540 quae
2508 2463 2774 2540 quinque

487 2567 569 2624 illi
610 2567 988 2642 grammatici
1025 2568 1273 2641 docent,
1341 2566 1618 2643 quamuis
1685 2568 1768 2625 ad
1831 2584 2018 2624 unum
2082 2573 2395 2624 auctorem
2452 2564 2781 2624 referenda

488 2669 626 2738 sint,
671 2687 799 2727 non
843 2686 918 2725 ex
963 2669 1187 2727 eodem
1231 2670 1308 2725 ab
1355 2669 1634 2726 omnibus
1679 2669 2007 2743 exemplari
2052 2675 2294 2742 sumpta
2328 2684 2485 2725 esse.
2549 2664 2777 2741 Copias

488 2770 792 2845 Anonymi
833 2772 1208 2847 grammatici
1251 2773 1487 2830 duabus
1533 2771 1991 2830 recensionibus
2021 2771 2279 2829 traditas
2324 2787 2459 2828 esse
2503 2768 2780 2845 probaui,

490 2890 746 2948 quarum
791 2874 1040 2930 alteram
1088 2873 1428 2932 Diomedes
1475 2881 1537 2931 et
1581 2873 1883 2941 DonatuS‚
1936 2874 2187 2931 alteram
2233 2869 2559 2947 CharisiUS,
2613 2870 2782 2926 Ano·

489 2975 699 3050 n'ymus
728 2974 1068 3047 Bobiensis‚
1119 2974 1455 3033 Dositheus
1486 2975 1784 3034 adierunt.
1869 2974 1997 3032 Iam
2026 2992 2154 3032 non
2197 2981 2383 3048 caput
2427 2974 2507 3030 de
2536 2971 2781 3030 nomine

487 3075 703 3147 solum,
772 3077 884 3133 sed
927 3084 1121 3134 totam
1165 3085 1356 3134 artem
1402 3076 1707 3153 Anonymi
1752 3085 2070 3152 expertam
2114 3093 2253 3132 esse
2299 3091 2516 3131 manus
2557 3074 2778 3131 redac-

487 3175 667 3232 trices
711 3175 774 3233 in
813 3186 1100 3252 promptu
1152 3186 1263 3237 est.
1373 3177 1589 3254 Neque
1659 3177 1857 3235 minus
1923 3177 1987 3234 id
2056 3184 2286 3234 certum
2351 3173 2493 3230 mihi
2536 3173 2780 3231 uidetur

489 3278 755 3352 quinque
799 3287 1042 3337 nostros
1088 3279 1518 3354 grammaticos
1561 3280 1798 3352 integra
1843 3277 2273 3336 recensionum
2317 3274 2685 3350 exemplaria
2714 3274 2777 3330 in

489 3379 768 3436 manibus
814 3379 1120 3440 habuisse.
1211 3379 1390 3452 Quae
1435 3381 1486 3438 si
1531 3388 1695 3438 recte
1743 3379 2205 3455 disputauimUS‚
2272 3378 2391 3434 iam
2443 3394 2569 3434 non
2613 3392 2783 3432 mera
2828 3451 2833 3457 .

493 3479 754 3553 suspicio
799 3488 894 3538 est
938 3498 1044 3539 eos
1090 3481 1276 3539 etiam
1319 3481 1437 3538 alia
1481 3500 1558 3538 ex
1602 3481 1723 3539 hoc
1768 3480 1939 3539 fonte
1984 3479 2277 3538 hausisse.
2380 3477 2557 3535 Haec
2600 3475 2784 3550 igitur

492 3577 916 3656 inuestiganda
960 3590 1119 3643 sunt.
1209 3580 1364 3640 Cum
1416 3601 1600 3658 supra
1643 3582 1972 3640 uiderimus
2020 3579 2458 3639 accuratiorem
2512 3574 2776 3635 consen-

493 3697 624 3736 sum
665 3681 821 3740 inter
864 3701 972 3742 eos
1031 3685 1459 3758 grammaticos
1524 3684 1837 3743 obseruari
1898 3682 2001 3758 qui
2060 3701 2139 3739 ex
2222 3681 2445 3739 eadem
2510 3678 2784 3737 editione

491 3782 781 3854 pendent,
847 3785 1346 3861 conparationem
1411 3803 1624 3843 eorum
1691 3803 1849 3861 quae
1908 3783 2178 3859 quinque
2222 3783 2331 3840 illis
2376 3777 2782 3856 grammaticis

492 3883 836 3941 communia
871 3893 1030 3954 sunt,
1078 3885 1164 3943 sic
1205 3893 1356 3960 puto
1403 3887 1631 3961 optime
1677 3886 2083 3961 instituemuS,
2131 3891 2197 3940 ut
2239 3882 2499 3957 primum
2527 3879 2782 3937 Diome-

489 3982 631 4040 dem
675 3991 737 4040 et
782 3983 1116 4055 Donatum,
1165 3986 1391 4045 deinde
1433 3986 1703 4062 reliquos
1748 3994 1872 4043 tres
1917 3983 2319 4042 conferamus

705 4083 861 4143 Cum
925 4087 1264 4144 Diomedes
1332 4086 1458 4143 fere
1541 4087 1603 4143 in
1664 4102 2037 4162 unoquoque
2127 4083 2325 4160 capite
2404 4081 2783 4157 conplurium

482 4187 1017 4275 grammaticorum
1061 4188 1322 4264 uestigia
1362 4187 1668 4264 presserit,
1715 4187 1947 4244 Donati
1991 4205 2140 4244 uero
2170 4203 2326 4262 opus
2358 4183 2784 4260 simpliciorem

485 4287 756 4362 speciem
798 4289 1112 4364 praebeat,
1157 4307 1234 4348 ea
1275 4289 1514 4347 ratione
1557 4296 1710 4366 utar,
1764 4296 1831 4344 ut
1873 4287 2035 4345 hunc
2078 4305 2188 4363 pro
2221 4286 2623 4343 fundamento
2648 4287 2779 4343 dis-

482 4389 816 4462 putationis
880 4388 1164 4451 habeam.
1273 4391 1581 4466 Inquiram
1648 4390 1844 4464 igitur,
1924 4385 2084 4464 quae
2152 4387 2477 4463 unicuique
2546 4387 2778 4445 Donati

486 4489 671 4563 capiti
713 4491 884 4567 apud
929 4491 1299 4550 Diomedem
1335 4493 1773 4568 respondeant.
1863 4491 2004 4564 Qua
2032 4491 2097 4548 in
2140 4507 2221 4560 re,
2268 4505 2421 4566 quos
2456 4496 2775 4564 praeterea
