3459 5217
1420 481 1773 537 ...19-

467 665 704 733 septem
776 655 1174 715 deriuationis
1241 658 1466 717 formas
1533 667 1812 736 separat:
1888 659 2325 737 patronymica,
2389 659 2758 736 possessiua,

479 777 832 836 paronyma,
886 758 1178 836 aethalia,
1237 760 1655 839 conparatiua,
1709 760 2103 836 superlatiua,
2148 761 2540 822 deminutiua.
2628 761 2760 820 Iam

479 861 1026 918 demonstrandum
1093 868 1185 919 est
1251 860 1415 919 hanc
1470 860 1935 938 dispositionem
1981 879 2107 919 non
2151 881 2188 920 a
2231 861 2538 920 Diomede
2592 862 2760 920 insti-

465 971 660 1020 tutam
706 963 819 1020 sed
864 981 902 1020 e
949 962 1122 1021 fonte
1167 962 1453 1020 haustam
1481 979 1636 1024 esse.
1711 963 1994 1022 Donatus
2026 983 2063 1022 a
2093 963 2398 1022 Diomede
2430 964 2755 1040 discrepat.

465 1063 731 1121 Aliunde
802 1062 1086 1121 auxilium
1145 1069 1427 1138 petamus
1487 1080 1744 1122 necesse
1797 1074 1910 1122 est.
1995 1063 2137 1122 Hoc
2180 1063 2458 1141 Dionysii
2501 1064 2769 1133 Thracis·

464 1183 560 1224 ars
623 1164 1028 1241 grammatica
1090 1163 1270 1222 nobis
1335 1165 1607 1240 praebet.
1695 1164 1850 1224 Cum
1914 1165 2077 1223 enim
2127 1173 2323 1224 totum
2379 1167 2460 1223 de
2510 1166 2758 1224 nomine

463 1275 666 1343 caput,
733 1267 902 1342 quod
959 1265 1152 1323 nostri
1208 1265 1590 1340 grammatici
1644 1265 1952 1343 exhibent,
2024 1266 2239 1324 mirum
2283 1274 2579 1342 quantum
2622 1285 2759 1325 eum

465 1367 764 1443 Dionysio
812 1365 1179 1438 consentiat,
1225 1365 1346 1424 hoc
1391 1366 1530 1424 loco
1563 1364 1907 1424 Diomedes
1953 1367 2175 1426 eadem
2204 1374 2393 1444 atque
2422 1368 2520 1426 ille
2551 1369 2756 1429 docet.

468 1467 555 1526 Vt
598 1467 934 1528 Diomedes
990 1467 1227 1545 species
1273 1466 1404 1526 illas
1448 1475 1514 1525 et
1561 1467 1975 1526 deriuatorum
2020 1468 2245 1526 formas
2291 1469 2602 1540 discernit,
2668 1471 2755 1528 sic

469 1569 800 1646 Dionysius
857 1564 996 1645 εἴδη
1058 1565 1469 1645 παραγώγων
1529 1577 1590 1628 et
1631 1586 1707 1626 ea
1766 1563 1808 1629 ἃ
1852 1570 1943 1650 τῷ
1989 1563 2256 1644 ὀνόματι
2298 1564 2760 1632 ὑποπέπτωκεν

466 1667 547 1747 (p.
583 1673 724 1748 634,
759 1672 839 1730 25
885 1678 950 1729 et
994 1673 1140 1749 636,
1171 1667 1253 1749 8).
1341 1671 1468 1730 Sed
1511 1671 1573 1729 in
1619 1671 1867 1748 singulis
1912 1689 2156 1748 quoque
2190 1670 2444 1730 Thracis
2479 1673 2760 1731 doctrina

466 1773 636 1849 apud
683 1770 1052 1831 Diomedem
1096 1773 1272 1834 redit.
1361 1773 1556 1850 Supra
1595 1772 1806 1831 monui
1837 1771 2207 1830 Diomedem
2250 1766 2332 1848 (p.
2367 1775 2506 1847 323,
2535 1777 2610 1833 17
2635 1768 2759 1851 sq.)

465 1881 529 1932 et
573 1873 891 1932 Donatum
932 1871 1016 1952 (p.
1042 1875 1188 1950 373,
1217 1876 1294 1933 13
1321 1869 1438 1950 sq.)
1483 1875 1650 1932 solos
1694 1873 2131 1956 discretionem
2172 1874 2485 1931 nominum
2526 1875 2758 1950 primae

465 1975 786 2050 positionis
811 1969 835 2011 1
881 1982 946 2033 et
989 1975 1408 2033 deriuatorum
1457 1991 1755 2049 seruasse,
1803 1973 2069 2050 reliquos
2099 1974 2441 2033 deriuatiua
2472 1993 2608 2032 cum
2652 1994 2756 2051 pa-

468 2075 816 2151 tronymicis
861 2075 1216 2133 confudisse
1271 2069 1532 2153 (ChariS.
1576 2093 1636 2151 p.
1689 2077 1829 2143 154,
1869 2076 2179 2154 26-155,
2225 2077 2293 2148 2;
2357 2077 2556 2137 Anon.
2605 2076 2759 2138 Bob.

468 2194 527 2253 p.
571 2177 712 2252 536,
756 2179 852 2237 16.
904 2178 1012 2246 17;
1082 2175 1322 2234 Dosith.
1367 2194 1427 2251 p.
1477 2177 1618 2249 395,
1665 2171 1874 2252 5—7).
1964 2174 2121 2234 Cum
2164 2175 2471 2236 Diomede
2514 2195 2759 2236 accura-

471 2278 701 2334 tissime
764 2277 1045 2351 congruit
1090 2276 1417 2352 Dionysius
1479 2273 1565 2353 (p.
1613 2279 1756 2347 634,
1805 2275 1929 2350 21).
2015 2277 2203 2353 Apud
2248 2276 2617 2336 Diomedem
2670 2275 2756 2354 (p.

469 2381 610 2448 323,
653 2374 760 2454 20)
797 2366 1178 2437 ‘deriuantur
1221 2378 1471 2436 nomina
1512 2378 1712 2436 modis
1748 2364 2035 2454 septem'.
2105 2377 2346 2435 Eadem
2377 2373 2517 2455 εἴδη
2551 2395 2759 2456 παρα·

377 2479 386 2488 “
463 2476 701 2554 γώγων
747 2471 1078 2556 Dionysius
1139 2474 1225 2554 (p.
1273 2477 1413 2557 634,
1460 2479 1558 2538 25.
1603 2477 1709 2553 26)
1761 2486 2082 2536 enumerat
2137 2486 2323 2553 atque
2384 2480 2607 2537 eodem
2664 2498 2759 2537 or·

467 2584 632 2658 dine,
698 2581 816 2639 nisi
879 2581 1048 2657 quod
1107 2597 1442 2656 paronyma
1495 2588 1560 2637 et
1612 2570 1880 2638 uerbalia
1930 2585 2237 2654 postremo
2295 2578 2434 2637 loco
2488 2579 2755 2640 exhibet.

469 2682 695 2741 Similia
720 2681 892 2757 apud
927 2682 1194 2757 reliquos
1222 2681 1652 2757 grammaticos
1683 2697 1810 2738 non
1850 2687 2093 2738 exstare
2122 2696 2303 2754 supra
2327 2680 2470 2740 dixi.
2530 2679 2759 2739 Confer

365 2813 370 2820 ·
469 2791 789 2858 praeterea
845 2799 1002 2858 quae
1055 2783 1137 2840 de
1195 2782 1627 2858 patronymicis
1665 2781 2009 2838 Diomedes
2061 2775 2145 2856 (p.
2193 2780 2330 2850 323,
2376 2780 2653 2858 24—26)
2697 2789 2762 2838 et

473 2883 748 2941 Donatus
794 2879 880 2958 (p.
925 2885 1066 2962 373,
1112 2879 1220 2958 23)
1279 2891 1598 2958 exponunt
1649 2900 1784 2940 cum
1830 2881 2127 2957 Dionysio
2172 2875 2259 2958 (p.
2308 2884 2449 2951 634,
2496 2885 2591 2943 27.
2634 2885 2760 2956 28),

471 2983 618 3041 item
661 2983 860 3043 Diom.
906 3002 966 3060 p.
1015 2985 1157 3061 324,
1205 2985 1300 3042 14.
1361 2985 1502 3067 325,
1554 2985 1659 3058 10;
1724 2982 1887 3041 Don.
1930 3001 1987 3057 p.
2036 2983 2177 3053 375,
2224 2983 2261 3041 5
2320 3000 2458 3041 cum
2506 2973 2801 3059 Dionyss

470 3103 529 3160 p.
564 3087 702 3160 635,
736 3087 795 3164 5,
841 3085 1054 3161 reliqui
1095 3092 1218 3142 tres
1262 3083 1612 3160 discrepant
1655 3078 1921 3160 (Charis,
1950 3101 2009 3158 p.
2046 3083 2185 3153 157,
2220 3084 2324 3152 10;
2369 3085 2571 3144 Anon.
2604 3085 2757 3144 Bob.

467 3205 525 3263 p.
573 3191 716 3261 537,
760 3187 829 3260 5;
895 3186 1133 3246 Dosith.
1181 3204 1241 3263 p.
1283 3188 1428 3253 400,
1479 3181 1598 3262 12).
1685 3183 1853 3242 Inter
1908 3201 1983 3242 ea
2034 3179 2077 3242 ἃ
2128 3184 2220 3265 τῷ
2281 3178 2549 3260 ὀνόματι
2608 3180 2761 3246 tmo-

467 3286 820 3364 πέπτωκεν,
886 3305 1044 3364 quae
1121 3283 1259 3363 εἴδη
1335 3287 1400 3344 id
1467 3295 1564 3344 est
1633 3286 1871 3362 species
1943 3302 2187 3360 quoque
2247 3285 2536 3360 appellari
2594 3286 2762 3363 dicit,

470 3391 805 3467 Dionysius
849 3386 933 3466 (p.
983 3393 1124 3459 636,
1171 3385 1232 3468 8)
1275 3390 1468 3447 multa
1519 3394 1839 3445 enumerat
1888 3403 2047 3462 quae
2090 3385 2427 3444 Diomedes
2478 3402 2608 3443 non
2661 3404 2763 3444 ex-

467 3493 653 3565 hibet,
727 3491 884 3549 sicut
928 3509 964 3548 e
1007 3491 1312 3550 contrario
1368 3490 1537 3565 apud
1585 3489 1749 3547 hunc
1806 3489 2109 3563 leguntur,
2179 3503 2337 3562 quae
2394 3487 2474 3544 illi
2519 3488 2761 3547 desunt.

473 3589 930 3665 Nonnunquam
985 3609 1132 3650 uero
1196 3592 1259 3648 in
1304 3590 1422 3648 hac
1467 3606 1712 3666 quoque
1767 3588 2065 3665 particula
2107 3587 2443 3645 Diomedes
2487 3586 2762 3662 proxime

473 3692 554 3747 ad
582 3691 884 3748 Thracem
929 3693 1184 3751 accedit.
1272 3690 1704 3749 Definitionem
1735 3673 2159 3767 ,epithetorum
2188 3688 2359 3764 apud
2391 3687 2759 3745 Diomedem

473 3784 558 3868 (p.
605 3793 747 3868 323,
794 3792 852 3852 6.
897 3790 964 3868 7)
1021 3800 1210 3868 atque
1257 3792 1424 3868 apud
1469 3791 1809 3850 Charisium
1854 3785 1935 3866 (p.
1986 3790 2127 3866 155,
2174 3787 2467 3864 30—32)‚
2520 3790 2767 3862 Anony-

470 3909 637 3949 mum
679 3892 1046 3952 Bobiensem
1092 3890 1177 3970 (p.
1219 3895 1358 3964 536,
1407 3893 1614 3969 1—3)‚
1659 3892 2025 3950 Dositheum
2068 3887 2151 3966 (p.
2202 3888 2341 3962 397,
2379 3887 2568 3965 3-5)
2611 3907 2759 3950 ean-

471 3993 614 4050 dem
657 3993 998 4052 inuenimus
1041 4012 1227 4070 quam
1268 3994 1597 4070 Dionysius
1641 3994 1895 4070 praebet
1950 3977 2045 4068 ⁴(p.
2092 3993 2231 4068 636,
2278 3985 2405 4069 19).
2473 3990 2762 4049 Ceterum

473 4093 842 4153 Diomedem
894 4096 1078 4172 plane
1135 4097 1305 4155 aliter
1355 4097 1436 4154 de
1481 4096 1765 4172 epithetis
1810 4113 1991 4168 agere
2035 4101 2220 4170 atque
2265 4094 2527 4169 reliquos
2580 4111 2762 4168 supra

471 4195 752 4271 exposui3
799 4204 984 4271 atque
1027 4214 1164 4255 eum
1209 4197 1514 4255 Diomede
1557 4196 1886 4271 Dionysius
1932 4197 2255 4271 consentit,
2304 4212 2439 4252 cum
2484 4203 2760 4272 uterque,

675 4410 698 4448 1
738 4429 844 4463 uox
880 4411 1242 4479 ‘principalia'
1282 4429 1312 4462 a
1348 4411 1618 4462 Diomede
1653 4412 1827 4478 posita
1864 4417 1945 4462 est
1979 4426 2077 4478 pro
2117 4409 2327 4477 propria
2364 4410 2597 4460 dictione
2634 4408 2769 4475 ‘pri-

471 4514 586 4550 mae
622 4501 949 4568 positionis’,
989 4518 1144 4568 quam
1181 4507 1439 4551 testantur
1481 4507 1536 4550 et
1571 4501 1814 4551 Donatus
1853 4506 1905 4550 et
1940 4499 2132 4566 reliqui
2168 4504 2292 4550 tres,
