3459 5217
1490 414 1903 512 —43-'

527 637 838 712 recipiunt.
927 635 1102 692 Haec
1167 634 1337 709 apud
1399 641 1725 708 utrumque
1783 631 2246 707 grammaticum
2312 634 2538 690 eodem
2596 641 2809 690 tenore

527 747 712 814 atque
755 753 990 794 summo
1057 753 1192 792 cum
1261 752 1563 792 consensu
1617 742 2006 808 exponuntur
2048 741 2475 809 praeterquam
2537 734 2705 808 quod
2748 733 2811 789 in

525 839 722 914 priore
767 846 942 913 parte
974 837 1329 912 Anonymus
1363 835 1683 892 Bobiensis
1729 834 1963 892 fontem
2006 835 2243 909 plenius
2288 835 2622 910 descripsit.
2683 833 2809 891 To-

529 949 654 998 tum
699 935 926 1015 caput1
971 958 1008 997 a
1052 937 1328 997 Charisio
1375 946 1438 995 et
1485 938 1809 1014 Anonymo
1854 937 2146 994 Bobiensi
2191 944 2403 1011 aperte
2464 954 2540 992 ex
2586 935 2809 992 eodem

525 1041 698 1099 fonte
741 1040 1023 1100 haustum
1069 1049 1179 1100 est.
1264 1039 1446 1097 Hanc
1489 1039 1909 1118 recensionem
1939 1037 2241 1113 Anonymi
2267 1037 2462 1095 nostri
2504 1054 2639 1094 esse
2670 1053 2809 1111 pro-

525 1142 706 1200 batur
748 1162 826 1202 ea
870 1160 954 1212 re,
999 1144 1169 1217 quod
1214 1143 1376 1200 idem
1436 1149 1620 1216 caput
1662 1141 1722 1198 in
1769 1139 2145 1211 recensione,
2192 1155 2314 1213 qua
2356 1137 2697 1196 Diomedes
2741 1145 2807 1194 et

524 1243 808 1301 Donatus
854 1237 1197 1313 utebantur,
1243 1242 1494 1311 exstitit,
1540 1250 1607 1299 ut
1651 1258 1833 1316 supra
1878 1241 2134 1318 exposui
2178 1234 2261 1318 (p.
2306 1231 2413 1316 30)
2426 1234 2469 1299 2.

727 1457 749 1495 ¹
785 1462 962 1512 Verba
999 1465 1178 1511 Anon.
1215 1462 1352 1511 Bob.
1393 1459 1514 1528 549,
1550 1460 1780 1524 fao—25,
1841 1477 1973 1527 quae
2024 1461 2080 1510 in
2123 1459 2355 1522 margine
2404 1457 2601 1508 codicis
2635 1456 2811 1508 addita

527 1556 662 1611 sunt,
702 1551 912 1610 minime
951 1565 1065 1599 cum
1105 1549 1265 1599 totius
1293 1549 1479 1616 capitis
1523 1555 1704 1600 tenore
1746 1565 2037 1612 congruere
2073 1549 2127 1598 in
2164 1554 2409 1615 promptu
2449 1553 2546 1598 est.
2585 1546 2643 1596 Si
2670 1545 2806 1594 enim

531 1654 574 1687 e.
616 1654 665 1700 g.
703 1637 924 1703 aliquod
958 1653 1168 1697 nomen,
1219 1638 1366 1703 quod
1419 1639 1556 1688 inter
1626 1637 1861 1703 ‘semper
1896 1636 2146 1704 pluralia'
2183 1642 2501 1694 numeratur,
2554 1634 2803 1698 singulari

524 1742 732 1792 quoque
765 1731 983 1776 numero
1020 1732 1314 1792 usurpatur,
1354 1743 1459 1776 uno
1499 1727 1742 1793 exemplo
1781 1726 2090 1792 plerumque
2130 1725 2417 1788 eVergilio
2443 1724 2531 1774 uel
2558 1723 2807 1773 Cicerone

523 1814 691 1879 petito
729 1815 787 1863 id
835 1815 1141 1864 inlustratur
1185 1816 1242 1864 in
1286 1814 1426 1864 hunc
1472 1816 1690 1865 modum
1727 1814 1923 1866 Chan’S.
1972 1832 2021 1881 p.
2062 1812 2148 1875 33,
2194 1813 2272 1865 17.
2316 1814 2381 1865 18
2396 1831 2410 1872 3
2468 1812 2645 1878 ‘opeS3
2712 1811 2806 1860 sed

459 1958 463 1964 Ι
525 1902 797 1965 Vergilius
847 1902 989 1952 libro
1046 1903 1215 1968 primo
1269 1900 1443 1971 <601>
1492 1901 1624 1954 ‘non
1669 1905 1787 1969 opis
1848 1910 1927 1954 est
1966 1909 2175 1952 nostrae
2217 1902 2403 1953 Dido'.
2475 1902 2559 1950 De
2608 1900 2804 1950 addita-

523 1996 699 2038 mento
739 1991 968 2054 quodam
1007 1991 1151 2056 quod
1191 1992 1330 2056 apud
1367 1991 1659 2041 Chan’sium
1700 1993 2141 2058 deprehendimus
2184 1991 2356 2042 statim
2393 1991 2597 2055 loquar.

719 2074 744 2112 2
778 2079 966 2128 Paucis
1003 2079 1183 2128 uerbis
1223 2079 1652 2130 Schottmuelleri
1701 2081 1909 2130 de‘hoc
1949 2081 2116 2146 capite
2156 2079 2465 2129 sententiam
2500 2091 2809 2142 percensea-

522 2183 638 2215 mus
676 2183 892 2216 necesse
930 2174 1028 2234 est,
1075 2168 1162 2232 qui
1211 2168 1484 2217 maximam
1531 2175 1732 2233 partem
1778 2169 1834 2217 id
1876 2169 2094 2219 fortasse
2152 2183 2182 2216 a
2218 2166 2525 2216 Cominiano
2582 2161 2808 2214 conscri-

525 2261 684 2322 ptum,
706 2254 847 2304 haud
866 2272 1054 2321 paucas
1073 2255 1401 2305 Palaemonis
1421 2257 1823 2306 obseruationes
1854 2257 2095 2306 inmixtas
2124 2271 2241 2306 esse
2257 2255 2459 2321 putauit
2488 2253 2547 2318 (1.
2568 2253 2603 2303 l.
2619 2268 2670 2318 p.
2704 2251 2807 2316 19).

524 2345 666 2394 Ν11111
691 2344 737 2393 is
771 2345 856 2394 cui
874 2346 1148 2394 maximam
1184 2346 1365 2411 capitis
1391 2352 1591 2410 partem
1623 2345 2039 2396 Schottmueller
2074 2345 2257 2394 tribuit
2277 2343 2616 2394 Cominianus
2654 2340 2809 2389 fuerit

523 2434 785 2492 necne,de
811 2449 936 2484 eare
956 2434 1199 2486 hocloco
1219 2451 1326 2485 non
1345 2435 1651 2500 disputab03
1691 2436 1749 2484 id
1767 2435 2166 2484 examinandum
2183 2440 2277 2499 est,
2290 2450 2416 2484 num
2432 2439 2574 2482 recte
2596 2436 2807 2499 conten-

525 2521 660 2570 derit
683 2537 712 2570 a
732 2521 969 2572 Charisio
990 2531 1226 2572 nostrum
1246 2531 1400 2588 caput
1426 2525 1831 2574 contaminatum
1859 2540 1992 2576 esse.
2030 2523 2266 2574 Priorem
2293 2522 2474 2588 capitis
2493 2519 2695 2588 partem
2712 2521 2809 2569 Pa-

523 2609 755 2659 laemoni
777 2610 1034 2659 uindicari
1055 2623 1162 2660 non
1183 2627 1340 2676 posse
1380 2619 1519 2662 recte
1540 2613 1607 2664 V.
1628 2613 1696 2663 D.
1716 2612 1971 2662 iudicauit
1980 2630 1993 2670 ;
2034 2613 2089 2661 in
2107 2611 2400 2676 posteriore
2421 2609 2595 2660 eidem
2614 2609 2809 2673 tribuit,

521 2698 577 2746 ni
625 2697 798 2758 fallor,
835 2699 989 2750 haec:
1047 2699 1246 2751 ChariS.
1291 2717 1342 2765 p.
1386 2701 1473 2766 34,
1517 2699 1749 2767 15--183
1789 2701 1875 2759 34,
1918 2700 2157 2759 22-273
2201 2700 2286 2760 34,
2332 2699 2557 2758 28-35,
2598 2698 2653 2756 5;
2694 2713 2809 2746 eam

520 2786 770 2836 uidelicet
809 2787 879 2836 ob
919 2804 1140 2853 causam,
1178 2789 1323 2853 quod
1363 2789 1600 2854 exempla
1634 2789 1869 2848 adhibita
1900 2790 2157 2854 particula
2195 2782 2388 2838 ‘uelut'
2427 2793 2803 2853 proponuntur.

521 2877 645 2923 Hoc
685 2881 1046 2937 argumentum
1081 2876 1332 2926 idoneum
1374 2891 1491 2926 esse
1517 2884 1575 2927 ut
1611 2878 1822 2928 interim
1849 2879 2151 2944 concedam,
2191 2893 2299 2927 non
2324 2893 2353 2926 a
2376 2875 2617 2927 charisio
2642 2875 2807 2923 Rem-

519 2963 715 3012 mianas
775 2963 896 3012 illas
963 2963 1238 3028 particulas
1307 2979 1424 3013 cum
1476 2966 1691 3016 alterius
1752 2966 2071 3029 grammatici
2122 2966 2291 3032 capite
2341 2961 2631 3014 conmixtas
2688 2979 2807 3012 esse

519 3052 892 3116 conparatione
931 3053 1201 3118 Anonymi
1239 3053 1521 3103 Bobiensis
1562 3055 1943 3104 demonstratur
1992 3052 2064 3120 (p.
2104 3054 2227 3113 550,
2267 3052 2503 3118 21—233
2540 3047 2805 3116 25—33);

518 3140 676 3188 immo
723 3156 840 3189 cum
894 3135 906 3153 ‘
932 3157 1062 3206 quae
1111 3155 1354 3191 mensura
1405 3143 1684 3193 constant'
1729 3143 2021 3192 Diomedes
2080 3150 2130 3192 01
2173 3144 2412 3192 Donatus
2463 3156 2673 3206 quoque
2720 3155 2805 3188 ex·

516 3229 737 3278 hibeant
772 3227 842 3295 (p.
883 3229 1002 3289 328,
1045 3229 1279 3290 18—23;
1336 3230 1477 3280 Don.
1514 3247 1563 3296 p.
1603 3231 1722 3290 376,
1762 3229 1997 3294 29—31)
2056 3231 2121 3280 ab
2169 3231 2288 3296 ipso
2327 3230 2607 3293 Anonymo
2655 3227 2806 3277 istam

517 3319 926 3369 conmixtionem
969 3319 1155 3386 factam
1192 3337 1304 3370 esse
1355 3319 1718 3369 coniciendum
1778 3326 1937 3370 esset.
2010 3321 2123 3369 Iam
2170 3323 2507 3384 Anonymum
2553 3323 2805 3374 nostrum,

513 3407 603 3469 qui
629 3407 847 3458 aliorum
882 3409 1330 3471 grammaticorum
1359 3409 1472 3458 sine
1499 3408 1663 3458 dubio
1702 3424 1830 3458 usus
1860 3415 1941 3458 est
1967 3408 2147 3474 copii5‚
2187 3424 2278 3458 cur
2300 3423 2409 3457 non
2435 3407 2805 3456 Palaemonem

519 3509 728 3558 quoque
783 3495 1088 3546 adhibuisse
1125 3496 1400 3562 putemus?
1472 3496 1579 3546 Sed
1617 3503 1740 3546 tunc
1773 3513 1882 3546 non
1919 3497 1985 3545 de
2025 3496 2263 3555 Charisii,
2304 3497 2399 3545 sed
2438 3496 2505 3544 de
2539 3494 2808 3560 Anonymi

518 3579 750 3632 sontibus
787 3586 1026 3650 quaestio
1076 3592 1172 3651 est,
1217 3586 1275 3635 id
1321 3586 1467 3650 quod
1504 3601 1642 3636 nunc
1678 3586 1832 3636 nobis
1866 3602 1975 3635 non
2010 3585 2399 3652 proposuimus,
2474 3585 2665 3650 Neque
2702 3585 2806 3634 hoc

483 3665 488 3670 ”
521 3666 924 3720 Schottmueller
958 3672 1146 3724 uoluit.
1189 3699 1252 3709 —
1291 3674 1535 3725 Attamen
1577 3673 1621 3722 si
1659 3680 1897 3723 accurate
1934 3689 2067 3738 01130
2104 3674 2422 3736 grammatici
2447 3673 2657 3723 tradunt
2685 3689 2804 3722 con·

519 3770 772 3818 paramus,
829 3758 1096 3824 aliquanto
1143 3760 1356 3823 longius
1403 3762 1690 3827 procedere
1739 3762 1881 3813 licet.
1955 3763 2105 3827 Quae
2142 3762 2413 3812 Charisius
2450 3779 2502 3828 p.
2542 3761 2629 3828 35,
2666 3759 2806 3812 2-5

521 3842 748 3903 exhibet,
788 3862 850 3896 ea
886 3848 1026 3912 apud
1062 3848 1290 3914 reliquos
1327 3865 1435 3899 non
1490 3850 1755 3912 leguntur.
1829 3851 2013 3915 Atque
2069 3850 2195 3900 haec
2242 3851 2479 3916 profecto
2534 3850 2806 3916 Anonymi

518 3946 636 3980 esse
673 3947 781 3983 non
817 3942 1055 3998 possunt,
1106 3952 1222 3986 cum
1261 3944 1310 3986 et
1347 3953 1377 3986 a
1422 3937 1623 3988 ratione
1669 3953 1804 4003 quae
1840 3938 1895 3987 in
1938 3938 2039 3988 hoc
2076 3939 2247 4004 capite
2286 3939 2525 3988 adhibita
2563 3945 2643 3989 est
2679 3939 2801 3988 talis

515 4021 812 4071 obseruatio
851 4023 1006 4088 plane
1043 4025 1322 4075 abhorreat
1361 4032 1414 4075 et
1464 4027 1737 4092 Anonymi
1774 4028 1935 4077 uerba
1970 4043 2105 4093 quae
2141 4029 2209 4077 ad
2246 4028 2382 4077 hanc
2418 4043 2527 4077 rem
2566 4033 2802 4093 spectant

510 4125 561 4174 p.
601 4109 687 4169 34,
728 4109 796 4160 28
835 4109 1093 4173 legantur.
1163 4114 1471 4163 Palaemoni
1510 4115 1831 4165 uindicanda
1869 4123 1986 4166 sunt
2026 4132 2089 4166 ex
2123 4133 2223 4166 usu
2260 4117 2541 4182 particulae
2579 4116 2804 4178 ‘uelut'‚

515 4205 669 4262 atque
710 4198 1080 4262 coniungenda
1132 4217 1250 4251 cum
1296 4203 1478 4265 regula
1515 4205 1581 4252 de
1620 4205 1923 4254 nominibus
1961 4221 2093 4269 quae
2132 4212 2185 4254 et
2224 4205 2429 4271 syllaba
2467 4206 2805 4255 terminantur

515 4286 711 4337 ChariS.
747 4303 800 4352 p.
836 4287 921 4348 28,
959 4288 1115 4340 5—7.
1189 4289 1326 4338 Nam
1378 4305 1507 4354 quae
1561 4307 1612 4356 p.
1651 4290 1737 4357 28,
1778 4291 1948 4343 7—11
2005 4293 2247 4356 leguntur
2297 4294 2634 4343 Palaemonis
2694 4311 2802 4344 non

515 4381 650 4433 sunt,
691 4375 912 4425 fortasse
947 4376 1104 4428 Plini.
1179 4378 1297 4427 Hac
1335 4378 1702 4428 obseruatione
1758 4386 1976 4447 excepta
2032 4388 2199 4430 totum
2258 4388 2413 4446 caput
2452 4382 2515 4432 de
2554 4398 2658 4447 quo
2698 4384 2800 4446 agi·

514 4477 626 4511 mus
663 4465 933 4530 Anonymi
979 4471 1073 4526 est,
1133 4481 1305 4532 neque
1358 4467 1644 4535 quidquam
1695 4467 1821 4518 inde
1878 4470 2279 4529 demonstratur,
2326 4470 2480 4536 *quod
2518 4486 2569 4536 p.
2609 4470 2693 4530 34,
2739 4471 2803 4524 15
