3459 5217
1529 465 1886 517 ...16-

764 633 1084 694 Postremo
1131 635 1395 712 denique
1440 636 1578 694 loco
1623 653 1700 695 ea
1743 653 2165 712 conponamus
2210 655 2370 714 quae
2416 640 2498 696 de
2542 639 2853 698 casibus

571 738 948 812 grammatici
979 739 1244 796 tradunt.
1334 737 1672 796 Diomedes
1710 737 1882 795 initio
1913 739 2273 814 paragraphi
2304 736 2385 816 (p.
2412 741 2554 810 301,
2584 741 2661 798 32
2676 739 2855 810 —35)

569 840 724 896 duas
771 839 1158 896 definitiones
1203 839 1506 913 proponit,
1556 839 1798 914 quibuS,
1846 847 1912 896 ut
1958 840 2101 913 dixi,
2150 841 2333 898 ceteri
2381 849 2603 901 carent.
2692 842 2853 899 Tum

565 957 743 998 casus
791 949 1105 998 enumerat
1150 934 1230 1015 (p.
1277 941 1418 1015 301,
1452 941 1761 1007 35—302,
1798 937 1882 1015 4),
1930 957 2084 1014 quos
2130 959 2383 999 numero
2431 943 2679 1017 quidem
2724 961 2853 1011 sex,

562 1042 798 1099 ratione
866 1049 1070 1098 tamen
1130 1041 1397 1116 quinque
1466 1057 1604 1098 esse
1667 1042 1871 1109 docet,
1939 1059 2074 1098 cum
2137 1043 2544 1102 nominatiuus
2610 1044 2852 1119 proprie

561 1159 738 1200 casus
783 1160 910 1198 non
954 1141 1048 1202 sit.
1138 1141 1628 1217 QuaeDonatus
1673 1159 1886 1199 eorum
1930 1142 2067 1200 loco
2110 1144 2367 1218 praebet
2397 1139 2484 1221 (p.
2518 1147 2657 1220 377,
2693 1147 2849 1203 13-

564 1241 670 1317 17)
718 1260 895 1300 casus
944 1259 1080 1300 esse
1127 1260 1254 1320 sex,
1300 1261 1335 1300 e
1377 1243 1599 1318 quibus
1644 1244 1769 1300 duo
1815 1243 1983 1316 recti,
2048 1245 2232 1300 ceteri
2279 1244 2510 1319 obliqui
2558 1246 2853 1321 dicantur,

562 1361 701 1402 cum
733 1343 1054 1400 Diomedis
1101 1344 1300 1402 uerbis
1345 1343 1492 1401 nihil
1538 1343 1948 1406 similitudinis
1993 1344 2241 1404 habent.
2332 1345 2578 1404 Deinde
2624 1346 2704 1403 de
2749 1346 2855 1404 ab·

549 1446 754 1504 latiuo
797 1444 1136 1502 Diomedes
1181 1445 1445 1520 loquitur
1487 1437 1573 1522 (p.
1621 1446 1764 1519 302,
1810 1440 2021 1520 4—7),
2088 1462 2272 1520 quem
2315 1464 2352 1503 a
2398 1446 2672 1504 Varrone
2720 1465 2853 1504 sex-

559 1556 686 1604 tum
712 1591 728 1620 ,
795 1547 1100 1604 interdum
1155 1545 1442 1603 Latinum
1507 1563 1715 1604 casum
1782 1545 2153 1621 appellatum
2218 1564 2355 1605 esse
2413 1557 2849 1608 conmemorat.

563 1645 940 1719 Quibuscum
986 1665 1146 1722 quae
1193 1647 1475 1705 Donatus
1521 1666 1580 1723 p.
1629 1649 1771 1722 377,
1820 1650 1915 1706 17.
1965 1649 2039 1707 18
2088 1647 2345 1726 scripsit,
2410 1650 2687 1724 quamuis
2734 1651 2855 1708 sint

569 1756 906 1827 contracta,
975 1750 1395 1822 consentiunt3
1467 1749 1680 1824 reliqui
1742 1757 1863 1806 tres
1928 1748 2103 1806 huius
2166 1750 2254 1805 rei
2306 1750 2677 1807 mentionem
2727 1769 2855 1807 non

563 1850 812 1910 faciunt.
903 1849 1209 1908 Charisius
1281 1849 1452 1906 initio
1519 1843 1604 1927 (p.
1653 1852 1793 1918 154,
1839 1843 2073 1928 5-11)
2142 1852 2222 1907 de
2286 1851 2522 1909 casibus
2581 1853 2724 1926 agit,
2794 1853 2852 1908 in

559 1953 766 2028 primis
811 1953 890 2010 de
936 1951 1336 2022 nominatin,
1385 1968 1563 2028 quae,
1625 1959 2053 2026 praeterquam
2100 1952 2270 2027 quod
2312 1953 2496 2027 paulo
2543 1953 2717 2010 aliter
2758 1971 2854 2010 or-

567 2055 780 2112 dinata
810 2061 972 2119 sunt,
1019 2060 1296 2110 accurate
1327 2051 1398 2108 iis
1427 2052 1808 2127 respondent
1840 2069 1999 2127 quae
2032 2053 2199 2128 apud
2230 2051 2599 2109 Diomedem
2632 2071 2689 2128 p.
2717 2055 2855 2122 301,

561 2156 872 2222 35-302,
904 2155 943 2212 4
990 2153 1292 2228 leguntur.
1381 2152 1613 2210 Eorum
1661 2154 1797 2210 loco
1836 2153 2189 2228 Anonymus
2237 2152 2557 2211 Bobiensis
2605 2150 2687 2228 (p.
2710 2156 2853 2223 534,

563 2258 658 2316 19.
706 2249 813 2333 20)
880 2263 941 2313 et
985 2253 1318 2312 Dositheus
1365 2247 1450 2330 (p.
1500 2255 1638 2328 392,
1687 2251 1755 2328 9)
1826 2271 1934 2311 sex
1990 2271 2165 2312 casus
2226 2262 2603 2314 enumerant.
2692 2254 2853 2311 Tum

561 2359 728 2433 apud
777 2373 992 2414 omnes
1039 2363 1160 2412 tres
1204 2353 1326 2413 hoc
1367 2355 1757 2412 enuntiatum
1804 2345 2084 2430 sequitur
2136 2350 2395 2432 (ChariS.
2447 2373 2505 2430 p.
2558 2357 2698 2432 154,
2750 2357 2853 2432 11;

559 2459 759 2517 Anon.
806 2457 960 2516 Bob.
1005 2475 1066 2531 p.
1113 2457 1256 2533 534,
1306 2456 1404 2516 20.
1452 2458 1559 2525 21;
1593 2454 1830 2515 Dosith.
1875 2474 1935 2531 p.
1983 2455 2123 2530 392,
2172 2450 2302 2534 10):
2348 2444 2641 2514 ‘adicitur
2684 2475 2719 2514 a
2762 2457 2855 2514 di-

558 2559 970 2634 ligentioribus
1031 2557 1217 2615 etiam
1284 2557 1581 2631 septimus
1639 2551 1880 2625 casus’,
1948 2574 2071 2633 quo
2118 2557 2476 2634 Anonymus
2530 2558 2847 2616 Bobiensis

559 2670 621 2718 et
669 2660 1002 2718 Dositheus
1063 2665 1392 2716 tractatum
1450 2659 1530 2716 de
1581 2657 1927 2716 differentia
1973 2659 2225 2718 ablatiui
2284 2668 2349 2716 et
2392 2660 2631 2735 septimi
2675 2675 2854 2717 casus

555 2763 955 2820 introducunt
978 2755 1206 2837 (Anon.
1239 2759 1390 2818 Bob.
1415 2777 1472 2834 p.
1499 2760 1638 2835 534,
1674 2760 1982 2834 22-535‚
2024 2762 2087 2834 ὃς
2133 2759 2374 2820 Dosith.
2419 2780 2480 2836 p.
2516 2763 2655 2834 392,
2695 2763 2855 2820 10—-

562 2867 703 2933 394,
731 2867 815 2937 7).
900 2861 1086 2920 Hunc
1131 2869 1465 2919 tractatum
1511 2860 1898 2918 Palaemonis
1944 2879 2082 2920 esse
2126 2863 2259 2937 ipsa
2303 2863 2491 2921 uerba
2536 2857 2853 2940 clamant1,

561 2965 799 3024 etiamsi
845 2962 1196 3022 Sacerdotis
1240 2979 1468 3020 nomen
1513 2961 1576 3019 in
1615 2963 1897 3038 exemplo
1945 2962 2305 3041 adhibitum,
2366 2964 2602 3022 etiamsi
2648 2963 2855 3021 Scauri

561 3069 688 3126 siue
720 3064 898 3141 Aspri
939 3065 1272 3124 auctoritas
1343 3064 1592 3122 laudata
1637 3065 1730 3124 sit.
1799 3064 1986 3122 Simili
2031 3065 2214 3140 paulo
2242 3073 2449 3123 tamen
2487 3065 2661 3123 aliter
2704 3065 2853 3140 figu-

559 3177 693 3227 rato
735 3167 1049 3224 enuntiato
1095 3181 1242 3223 usus
1288 3165 1572 3224 Donatus
1619 3159 1702 3243 (p.
1751 3159 1888 3235 377,
1935 3164 2185 3241 20.-21)
2244 3184 2443 3242 pauca
2501 3167 2581 3222 de
2636 3167 2853 3236 eadem

560 3289 626 3328 re
675 3270 868 3327 uerba
912 3267 1122 3326 infert:
1185 3261 1458 3342 ‘quidam
1495 3267 1827 3325 adsumunt
1870 3268 2049 3327 etiam
2102 3268 2425 3342 septimum
2478 3284 2701 3342 casum,
2750 3265 2853 3341 qui

561 3379 654 3430 est
699 3369 970 3427 ablatiuo
1016 3362 1269 3444 similis',
1339 3367 1701 3444 quibuscum
1759 3368 1949 3425 uerbo
2008 3376 2188 3426 tenus
2245 3367 2636 3426 consentiunt
2693 3383 2852 3441 quae

477 3471 489 3478 ’
563 3473 729 3547 apud
772 3471 1140 3528 Diomedem
1185 3489 1242 3546 p.
1293 3472 1430 3540 317,
1473 3473 1573 3530 23.
1622 3473 1700 3529 24
1746 3472 2021 3546 legimus,
2110 3469 2364 3526 Plenum
2413 3471 2492 3528 de
2535 3469 2635 3526 illa
2678 3468 2851 3526 diffe-

560 3575 757 3633 rentia
802 3582 1144 3651 tractatum,
1203 3574 1469 3631 eundem
1515 3572 1751 3630 scilicet
1795 3591 1979 3648 quem
2022 3572 2375 3645 Anonymus
2423 3569 2745 3627 Bobiensis
2791 3577 2852 3626 et

561 3673 898 3732 Dositheus
945 3675 1415 3752 exscripserunt,
1461 3673 1554 3731 his
1601 3673 1801 3732 uerbis
1847 3673 2183 3732 Diomedes
2230 3664 2535 3730 subiunxit
2582 3667 2667 3746 (p.
2708 3672 2849 3740 317,

564 3777 878 3842 25—318‚
919 3771 1024 3851 22)
1044 3771 1088 3834 2.
1179 3774 1358 3846 Quae
1401 3792 1550 3832 uero
1598 3774 1906 3833 Charisius
1961 3774 2043 3831 de
2096 3773 2355 3849 septimo
2418 3790 2565 3830 casu
2613 3771 2855 3830 disserit

560 3872 647 3951 (p.
697 3877 832 3945 154,
865 3872 1136 3949 11—15)
1182 3855 1396 3934 abeis
1441 3894 1602 3953 quae
1645 3875 1861 3950 reliqui
1904 3876 2203 3950 praebent
2241 3874 2420 3950 plane
2466 3873 2849 3931 dissentiunt.

563 3975 808 4034 Nullum
850 3976 933 4033 ibi
976 3977 1376 4036 Remmianae
1421 3977 1706 4035 dictionis
1757 3975 2099 4051 uestigium,
2147 3975 2376 4033 nullum
2440 3971 2853 4051 dispositionis

751 4207 777 4245 ¹
813 4211 1142 4276 Quinquiens
1181 4217 1233 4260 et
1285 4211 1422 4277 apud
1459 4211 1801 4277 Anonymum
1842 4209 2164 4260 Bobiensem
2240 4215 2292 4260 et
2346 4210 2485 4275 apud
2532 4206 2851 4256 Dositheum

561 4299 814 4366 particula
845 4299 1046 4350 ‘uelut’
1089 4299 1330 4359 occurrit,
1385 4315 1648 4366 nunquam
1703 4296 1853 4357 ‘ut'3
1912 4299 1977 4351 cf.
2034 4297 2414 4350 Schottrniiller
2470 4297 2536 4346 de
2590 4295 2649 4348 C.
2708 4294 2853 4343 Plini

562 4388 791 4439 Secundi
827 4389 978 4438 libris
1017 4404 1230 4453 gramm.
1269 4403 1321 4453 p.
1361 4385 1410 4439 9.
1994 4435 1999 4440 .

755 4473 781 4512 2
815 4477 982 4544 Apud
1018 4476 1335 4527 Diomedem
1371 4476 1691 4541 quinquiens
1729 4473 1928 4525 ‘uelut'
1967 4474 2259 4541 exhibetur,
2299 4471 2464 4524 semel
2500 4469 2583 4520 ‘ut
2598 4468 2629 4526 ³.
