3459 5217
1491 427 1847 481 ...23-

516 603 708 662 uerba
751 603 938 679 ipsius
983 603 1290 679 Anonymi
1331 621 1490 674 esse,
1544 605 1648 681 qui
1692 603 2079 663 Palaemonis
2130 623 2197 662 se
2242 603 2534 680 applicuit
2576 605 2801 662 doctri-

519 723 658 773 nae,
703 704 802 762 cui
847 723 922 760 ex
969 723 1082 762 suo
1127 705 1373 780 ingenio
1418 723 1647 763 nouam
1678 706 1935 764 formam
1972 705 2263 766 admouit.
2350 705 2413 764 Si
2447 705 2604 763 haec
2634 712 2801 764 recte

522 806 980 882 disputauimuS,
1028 813 1158 864 tum
1203 807 1388 864 etiarn
1431 807 1490 864 in
1535 807 1636 866 illa
1679 807 2034 865 recensione
2080 826 2152 865 ex
2192 823 2315 881 qua
2346 813 2466 864 tres
2493 806 2575 863 illi
2604 825 2804 882 gram-

518 908 722 966 matici
766 908 1043 983 pendent
1071 907 1226 967 haec
1253 909 1440 966 uerba
1467 909 1807 968 exstabant.
1876 908 2070 967 Huius
2100 907 2466 966 recensionis
2497 908 2807 983 exemplar

515 1008 735 1066 iterum
804 1015 1241 1085 pertractatum
1307 1017 1424 1086 est,
1481 1009 1833 1086 priusquam
1900 1009 1978 1066 ab
2020 1010 2347 1086 Anonymo
2390 1007 2681 1066 Bobiensi
2742 1016 2807 1066 et

513 1109 814 1168 Dositheo
858 1109 923 1166 in
968 1127 1146 1168 usum
1191 1119 1534 1170 uocaretur.
1623 1111 1940 1168 Redactor
1989 1110 2111 1186 ille,
2164 1111 2231 1168 id
2274 1109 2445 1185 quod
2495 1108 2624 1166 sine
2686 1109 2806 1167 ulla

516 1211 616 1267 uel
681 1211 1185 1286 praecedentium
1253 1213 1351 1268 uel
1417 1212 1801 1288 sequentium
1873 1211 2199 1269 uerborum
2262 1210 2602 1269 mutatione
2676 1209 2806 1267 fieri

514 1320 774 1388 poterat,
817 1312 1122 1388 Anonymi
1157 1312 1603 1388 expositionem
1632 1313 1863 1389 expulit
1907 1320 1969 1369 et
2013 1313 2153 1371 loco
2204 1311 2333 1370 eius
2370 1311 2792 1369 Remmianam

517 1413 735 1474 intulit.
807 1412 1010 1470 Etiam
1053 1413 1117 1471 in
1162 1415 1351 1472 altera
1381 1413 1759 1484 recensione,
1803 1423 1869 1476 ut
1899 1431 2078 1489 supra
2109 1413 2523 1471 demonstraui
2550 1406 2637 1490 (p.
2676 1409 2799 1486 16),

521 1512 895 1571 Palaemonis
939 1515 1132 1573 uerba
1175 1514 1538 1590 legebantur
1581 1523 1645 1572 et
1689 1515 1941 1590 quidem
1997 1522 2141 1590 post
2195 1513 2672 1589 disputationem
2718 1513 2803 1570 de

521 1614 787 1684 ablatiuo
855 1632 1016 1673 casu.
1123 1615 1264 1674 Hoc
1326 1615 1487 1674 enim
1543 1616 1680 1674 loco
1745 1617 1913 1690 apud
1979 1615 2294 1674 Donatum
2358 1608 2438 1693 (p.
2498 1616 2638 1692 377,
2695 1610 2803 1689 20)

516 1716 832 1773 traduntur
878 1724 938 1773 et
978 1716 1118 1774 illuc
1158 1716 1476 1775 Diomedis
1512 1718 1700 1775 uerba
1731 1711 1815 1792 (p.
1846 1717 1987 1790 317,
2034 1713 2139 1791 23)
2170 1722 2527 1774 monstrant.
2585 1716 2803 1789 Itaque

513 1817 652 1874 huie
696 1817 1124 1875 diasceuastae
1170 1835 1418 1893 quoque
1461 1835 1620 1894 quae
1666 1818 1996 1877 Palaemon
2053 1818 2134 1875 de
2179 1817 2437 1891 septimo
2482 1833 2630 1874 casu
2678 1815 2802 1873 dis-

516 1926 791 1976 seruerat
861 1918 1052 1993 magis
1119 1919 1479 1993 placuerunt
1544 1937 1730 1995 quam
1794 1936 1955 1995 quae
2023 1918 2379 1991 Anonymus
2448 1915 2800 1977 exhibebat.

518 2019 765 2078 Deinde
807 2020 1079 2079 nonnulli
1124 2020 1242 2078 loci
1286 2029 1430 2078 sunt
1474 2021 1575 2078 ubi
1617 2021 1976 2096 Anonymus
2008 2018 2330 2078 Bobiensis
2372 2025 2438 2074 et
2465 2015 2799 2075 Dositheus

520 2121 829 2196 quaedam
871 2123 1060 2180 uerba
1104 2121 1404 2190 omittunt,
1474 2139 1632 2197 quae
1693 2122 1859 2196 apud
1902 2120 2243 2178 Charisium
2312 2119 2613 2194 leguntur.
2706 2117 2802 2175 Ea

517 2222 638 2280 iam
682 2222 746 2278 in
791 2223 1097 2280 communi
1137 2221 1306 2280 fonte
1364 2240 1485 2299 quo
1543 2223 1635 2280 usi
1689 2230 1834 2280 sunt
1887 2240 2014 2280 non
2069 2221 2377 2280 exstitisse
2418 2237 2453 2276 e
2499 2236 2802 2277 consensu

513 2323 752 2380 illorum
798 2323 1117 2383 concludo,
1185 2324 1373 2399 Apud
1405 2323 1745 2382 Charisium
1790 2319 1877 2400 (p.
1922 2324 2063 2392 154,
2112 2318 2217 2399 16)
2262 2321 2379 2380 hoc
2419 2319 2800 2379 enuntiatum

517 2421 842 2482 habemus:
915 2412 1049 2482 ‘sed
1120 2426 1429 2501 quaedam
1493 2425 1743 2483 nomina
1787 2443 1899 2500 per
1941 2442 2153 2482 omnes
2198 2424 2418 2499 figuras
2460 2422 2798 2480 uariantur:

513 2526 816 2599 quaedam
859 2526 1110 2585 nomina
1151 2526 1542 2585 inueniuntur
1585 2544 1740 2601 quae
1779 2525 1941 2584 flecti
1969 2544 2096 2583 non
2121 2513 2423 2602 possunt'
2454 2531 2572 2582 ete.
2633 2522 2797 2580 Ano-

513 2645 730 2703 nymus
794 2628 1115 2686 Bobiensis
1181 2624 1266 2703 (p.
1330 2626 1470 2698 535,
1541 2621 1609 2704 9)
1672 2636 1735 2686 et
1789 2626 2117 2686 Dositheus
2162 2622 2243 2703 (p.
2296 2619 2563 2702 394,·8)
2608 2624 2796 2683 uerba

519 2719 650 2788 ‘sed
714 2760 793 2770 —
859 2718 1214 2788 uariantur³
1273 2728 1581 2801 omittunt,
1645 2746 1807 2805 quae
1874 2737 2017 2805 apte
2088 2729 2207 2803 legi
2270 2745 2454 2786 nemo
2519 2726 2791 2802 negabit.

516 2830 757 2889 Deinde
807 2829 1117 2889 Charisius
1158 2823 1245 2907 (p.
1297 2831 1434 2901 154,
1495 2828 1722 2902 6-11)
1768 2829 2061 2904 disputat,
2118 2837 2320 2887 utrum
2379 2827 2793 2887 nominatiuus

520 2949 696 2990 casus
739 2934 815 2991 sit
874 2951 1088 3002 necne,
1147 2949 1307 3009 quae
1375 2933 1542 3007 apud
1586 2931 1737 3004 illos·
1766 2932 1993 2989 desunt
2036 2928 2260 3003 (Anon.
2308 2929 2459 2989 Bob.
2510 2931 2651 3006 534,
2696 2932 2793 2999 19,

516 3033 752 3096 Dosith.
797 3055 856 3112 p.
909 3037 1047 3102 392,
1097 3030 1180 3110 9).
1269 3032 1606 3092 Charisium
1661 3041 1863 3090 tuetur
1914 3033 2253 3092 Diomedes
2298 3028 2381 3107 (p.
2435 3034 2576 3108 301,
2632 3033 2794 3089 35—-

512 3139 652 3205 302,
695 3133 782 3213 4).
867 3136 964 3194 Ex
1005 3136 1095 3193 eis
1151 3153 1310 3211 quae
1343 3136 1510 3211 apud
1564 3133 1905 3192 Charisium
1946 3153 2006 3211 p.
2059 3135 2197 3209 153,
2242 3136 2318 3192 26
2366 3151 2455 3210 sq.
2515 3134 2795 3208 leguntur

506 3239 870 3314 Anonymus
925 3237 1246 3295 Bobiensis
1293 3230 1376 3314 (p.
1439 3237 1580 3314 534,
1639 3231 1745 3313 14)
1806 3245 1869 3293 et
1925 3235 2255 3294 Dositheus
2310 3232 2395 3312 (p.
2443 3236 2582 3312 392,
2630 3232 2697 3308 4)
2734 3242 2798 3292 et

509 3339 709 3397 dualis
757 3339 819 3397 et
855 3356 1097 3414 semper
1137 3339 1452 3414 pluralium
1505 3337 1883 3396 mentionem
1932 3356 2061 3395 non
2112 3336 2358 3395 faciunt.
2448 3335 2795 3394 Posteriora

511 3457 620 3497 eos
667 3439 945 3498 omisisse
988 3440 1052 3497 in
1094 3448 1378 3515 promptu
1424 3447 1538 3516 est,
1585 3439 1789 3515 priora
1833 3440 2033 3498 isdem
2075 3439 2275 3498 uerbis
2308 3437 2539 3496 Charis·
2584 3456 2643 3514 p.
2694 3439 2791 3509 18,

512 3541 547 3596 2
592 3539 868 3600 redeunt.
959 3541 1030 3597 In
1071 3540 1410 3614 posteriore
1453 3548 1626 3615 parte
1686 3540 2051 3616 paragraphi
2106 3542 2186 3598 de
2248 3537 2786 3614 conparationibus

514 3637 852 3697 Charisium
914 3636 997 3716 (p.
1050 3641 1191 3709 157,
1237 3635 1471 3717 2-22)
1515 3649 1581 3699 et
1633 3641 2025 3718 Anonymum
2094 3640 2463 3698 Bobiensem
2513 3633 2599 3718 (p.
2651 3641 2791 3714 536,

517 3738 824 3808 37-537,
872 3738 976 3817 14)
1033 3750 1091 3800 et
1153 3741 1516 3801 Dositheum
1563 3735 1646 3818 (p.
1691 3743 1839 3820 400,
1898 3743 2165 3820 3-401,
2213 3736 2272 3816 7)
2337 3739 2791 3799 accuratissime

516 3841 862 3898 consentire
908 3858 1092 3918 supra
1135 3843 1260 3900 dixi
1307 3837 1392 3921 (p.
1441 3846 1498 3902 8.
1543 3839 1633 3918 9);
1679 3844 1797 3901 sed
1838 3843 1901 3900 in
1942 3843 2144 3919 priore
2190 3841 2351 3900 inter
2393 3841 2506 3899 hos
2538 3849 2601 3898 et
2634 3840 2791 3899 Cha-

511 3941 713 4000 risium
757 3943 910 4000 tales
955 3943 1333 4003 differentiae
1378 3945 1799 4011 obseruantur,
1848 3952 1915 4002 ut
1945 3943 2315 4020 exemplaria
2357 3942 2531 4000 huius
2574 3959 2791 4000 recen-

512 4042 718 4113 sionis,
765 4052 828 4101 et
867 4045 934 4102 id
977 4063 1102 4121 quo
1147 4045 1208 4102 hi
1250 4047 1341 4103 usi
1383 4041 1527 4104 sunt
1550 4054 1615 4103 et
1641 4045 1710 4103 id
1740 4045 1910 4121 quod
1937 4044 2243 4103 Charisius
2271 4043 2497 4113 habuit,
2542 4061 2791 4102 manum

507 4145 912 4204 redactricem
941 4153 1194 4221 experta
1240 4163 1374 4204 esse
1417 4145 1593 4204 nobis
1639 4147 1989 4204 suadeatur.
2059 4145 2322 4203 Primum
2366 4145 2446 4200 de
2492 4143 2579 4200 eis
2612 4161 2792 4219 agam

511 4265 671 4322 quae
714 4247 777 4305 in
823 4247 995 4305 fonte
1040 4246 1344 4324 Anonymi
1388 4247 1709 4304 Bobiensis
1755 4254 1821 4304 et
1860 4245 2141 4304 Dosithei
2189 4253 2425 4303 mutata
2468 4253 2660 4304 erant.
2736 4245 2789 4303 E

509 4348 851 4408 nominibus
899 4365 1059 4425 quae
1105 4349 1607 4425 conparationem
1670 4366 1798 4406 non
1863 4347 2111 4416 habent,
2173 4346 2235 4404 hi
2296 4334 2580 4405 omittunt
2634 4365 2791 4423 quae

512 4450 677 4524 apud
722 4448 1063 4509 Charisium
1105 4467 1164 4526 p.
1214 4451 1353 4519 156,
1411 4451 1506 4510 23.
1549 4451 1629 4508 24
1675 4448 1971 4526 leguntur,
2017 4447 2349 4507 Dositheus
2414 4464 2491 4505 ea
2543 4466 2789 4528 quoque
