3459 5217
653 643 798 721 quin
839 625 902 700 in
945 643 1119 700 fonte
1158 642 1288 700 eius
1329 643 1498 700 nulla
1540 643 1752 716 regula
1781 641 2038 700 caruerit
2084 641 2337 699 dubium
2381 661 2517 702 esse
2558 660 2686 701 non
2714 652 2941 720 potest.

500 730 509 739 ’
621 745 725 802 .In
773 743 974 819 capite
1020 742 1341 800 Diomedis
1389 743 1560 818 quod
1605 742 1702 799 De
1748 742 1978 816 syllaba
2020 742 2381 810 inscribitur,
2432 745 2619 802 etiam
2662 760 2740 800 ea
2781 763 2942 820 quae

650 853 793 922 post
838 843 1259 902 definitionem
1301 846 1382 903 de
1427 843 1658 918 origine
1703 843 1872 901 uocis
1912 828 2197 918 ‘syllaba'
2242 845 2603 903 exhibentur
2646 863 2723 901 ex
2767 845 2937 902 Ano-

649 964 830 1020 nymo
893 945 1115 1002 hausta
1180 962 1316 1003 esse
1385 952 1555 1020 puto.
1656 944 1752 1001 De
1810 945 2009 1002 modis
2070 945 2285 1020 quibus
2346 946 2578 1021 syllaba
2633 945 2939 1021 positione

656 1046 841 1121 longa
900 1046 968 1103 fit
1014 1045 1298 1104 Donatus
1359 1047 1538 1121 paulo
1605 1045 1779 1103 aliter
1845 1055 2031 1121 atque
2078 1045 2415 1104 Diomedes
2462 1046 2729 1116 disserit3
2796 1065 2942 1104 con·

650 1147 832 1205 traxit
872 1147 1030 1205 hanc
1076 1147 1452 1222 particulam.
1562 1144 1850 1204 Ceterum
1921 1148 2295 1205 monendum
2350 1154 2448 1204 est
2504 1147 2785 1222 exempla
2836 1137 2942 1206 ‘at

647 1238 904 1322 Venus}
972 1243 1070 1305 ‘at
1105 1242 1300 1306 Iuno'
1345 1246 1574 1324 (Diom.
1621 1266 1676 1323 p.
1716 1249 1861 1325 428,
1902 1252 1957 1308 9.
2012 1251 2109 1318 10,
2156 1247 2319 1307 Don.
2360 1265 2419 1322 p.
2454 1249 2594 1324 368,
2639 1243 2743 1324 26)
2774 1249 2942 1323 apud

644 1350 912 1425 reliquos
954 1349 1382 1425 grammaticos
1427 1367 1554 1406 non
1596 1347 1887 1409 adhiberi.
1934 1379 2013 1388 —-
2060 1347 2197 1406 Vna
2260 1348 2555 1424 particula
2623 1356 2716 1407 est
2771 1349 2937 1406 cuius

649 1453 816 1510 nulla
861 1452 1028 1527 apud
1058 1449 1372 1508 Donatum
1417 1449 1681 1525 uestigia
1725 1458 2044 1508 occurrunt
2088 1444 2316 1524 (Diom.
2350 1467 2407 1525 p.
2439 1451 2582 1518 427,
2631 1451 2939 1526 16—428,

655 1547 740 1628 1),
788 1571 912 1628 qua
955 1553 1275 1627 exponitur
1305 1552 1523 1628 quibus
1555 1551 1759 1608 modis
1792 1551 2022 1628 syllaba
2051 1558 2270 1609 natura
2315 1551 2500 1624 longa
2526 1551 2649 1610 fiat.
2721 1550 2935 1628 Neque

646 1653 804 1710 haec
847 1653 924 1710 ab
967 1654 1291 1730 Anonymo
1337 1653 1633 1728 originem
1677 1652 1865 1710 ducit.
1977 1651 2217 1726 Inspice
2260 1652 2624 1726 dictionem3
2690 1671 2748 1729 p.
2795 1655 2937 1726 427,

649 1757 730 1813 20
773 1751 864 1812 ‘et
908 1754 1129 1812 dicitur
1157 1755 1206 1813 is
1237 1749 1487 1812 modus’
1524 1743 1844 1820 ‘constat‘,
1900 1753 2173 1811 similiter
2213 1753 2397 1810 ceteri
2437 1741 2715 1810 ‘constat
2764 1754 2939 1828 diph-

647 1840 932 1932 thongo'‚
971 1850 1259 1930 ‘incipit’‚
1300 1849 1737 1923 ‘terminatur,
1791 1843 2013 1911 ‘habet
2052 1855 2116 1911 in
2162 1839 2277 1913 se'.
2389 1853 2531 1912 Sine
2563 1841 2753 1911 dubio
2784 1852 2940 1912 haec

644 1957 940 2030 particula
984 1958 1067 2013 ad
1110 1957 1376 2014 eundem
1421 1963 1737 2013 auctorem
1779 1955 2100 2014 referenda
2148 1964 2243 2012 est
2288 1963 2472 2031 atque
2501 1954 2599 2011 ille
2641 1963 2936 2014 tractatus

641 2045 761 2114 ‘de
806 2075 914 2115 sex
960 2057 1163 2116 formis
1208 2075 1360 2134 quas
1405 2058 1610 2115 omnia
1653 2057 2034 2134 qualitatium
2091 2057 2338 2114 nomina
2378 2050 2675 2114 retinent²
2686 2057 2852 2132 ,qui
2900 2077 2939 2115 a

646 2158 953 2216 Diomede
976 2158 1360 2234 paragrapho
1387 2160 1467 2216 de
1513 2159 2051 2234 conparationibus
2095 2158 2358 2216 insertus
2406 2165 2501 2214 est
2550 2152 2657 2231 (cf.
2703 2175 2763 2232 p.
2817 2155 2940 2233 12).

644 2260 716 2316 In
759 2260 959 2335 capite
1003 2260 1174 2336 quod
1218 2259 1558 2318 inscribitur
1601 2259 1700 2317 De
1730 2259 2154 2317 communibus
2199 2258 2440 2335 syllabis
2481 2257 2738 2330 alterum
2783 2276 2933 2333 quo-

646 2377 763 2435 que
790 2360 1021 2419 fontem
1057 2362 1394 2421 Diomedes
1429 2362 1783 2420 adhibuisse
1814 2363 2071 2432 uidetur,
2117 2379 2191 2419 ex
2228 2379 2352 2437 quo
2378 2360 2623 2419 Graeca
2652 2362 2933 2436 exempla

645 2461 984 2538 descripsit.

844 2563 1143 2635 Quartum
1186 2563 1417 2622 Donati
1462 2573 1645 2640 caput
1689 2565 1795 2621 De
1846 2565 2164 2640 pedibus
2211 2582 2309 2622 me
2354 2563 2633 2622 omittere
2679 2563 2821 2623 dixi.

843 2662 1136 2734 Quintum
1181 2666 1412 2725 Donati
1456 2674 1640 2742 caput
1684 2648 1780 2727 es‘t
1820 2665 1925 2723 De
1968 2665 2165 2724 tonis
2208 2683 2267 2741 p.
2314 2666 2457 2731 371,
2514 2667 2781 2733 2-372,
2830 2666 2924 2724 13.

645 2760 982 2823 Diomedes
1034 2784 1107 2824 ex
1153 2767 1476 2844 Anonymo
1520 2767 1740 2843 petiuit
1784 2766 1965 2825 haec:

727 2865 890 2926 Don.
935 2885 994 2942 p.
1021 2868 1162 2943 371,
1209 2872 1246 2928 2
1585 2893 1664 2918 =
1710 2869 1914 2929 Diom.
1958 2887 2017 2944 p.
2064 2868 2206 2940 431,
2252 2871 2312 2928 4.
2358 2861 2437 2928 5¹

937 3010 972 3042 ‚,
1021 2969 1160 3044 371,
1208 2971 1264 3030 2.
1309 2971 1347 3029 3
1792 3014 1831 3047 ,,
1964 3013 2000 3044 ,,
2067 2971 2207 3040 431,
2253 2971 2307 3028 5.
2348 2964 2426 3028 62

811 3109 846 3142 ,,
935 3110 972 3139 ,,
1021 3070 1164 3147 371,
1207 3073 1412 3130 3-22
1953 3113 1989 3140 ,,
2059 3072 2199 3146 431,
2248 3071 2493 3130 10-34

831 3213 845 3240 ,
932 3216 968 3248 ,,
1015 3173 1157 3240 371,
1204 3173 1450 3231 22-27
1947 3214 1984 3247 ,,
2050 3173 2192 3247 433,
2234 3171 2479 3230 30-36

1571 3495 1650 3522 ΙΙ
1579 3395 1659 3420 ΙΙ
1579 3295 1657 3321 ΙΙ
1577 3195 1657 3220 ΙΙ
1577 3093 1654 3120 ll
1581 2993 1661 3020 ΙΙ

809 3313 842 3341 η
927 3314 964 3342 ,,
1013 3273 1154 3346 371,
1201 3274 1450 3332 27-30
1956 3317 1989 3346 ,,
2058 3273 2199 3350 433,
2244 3271 2451 3330 4-—14

814 3415 845 3442 ‚‚
933 3417 970 3451 ,‚
1016 3374 1158 3441 371,
1190 3373 1500 3449 31-372,
1529 3376 1558 3431 1
1958 3415 1993 3443 „
2060 3373 2199 3443 434,
2248 3367 2447 3431 1.-63

933 3517 969 3547 ,,
1017 3475 1158 3551 372,
1204 3473 1405 3534 1--13
1951 3515 1985 3542 ,,
2052 3475 2191 3548 434,
2241 3469 2548 3546 36-435,
2594 3476 2701 3532 21..

840 3573 1165 3634 Praeterea
1210 3575 1361 3632 alios
1406 3575 1608 3633 fontes
1653 3574 1991 3633 Diomedes
2040 3574 2205 3634 adiit.
2277 3572 2452 3644 Quae
2497 3574 2560 3631 in
2600 3573 2720 3631 fine
2764 3575 2930 3650 capi-

643 3675 717 3732 tis
760 3693 820 3750 p.
850 3677 992 3746 435,
1039 3678 1346 3746 22—436,
1393 3679 1430 3734 8
1478 3685 1542 3733 et
1591 3693 1751 3752 quae
1796 3693 1855 3750 p.
1900 3677 2041 3747 433,
2080 3677 2133 3734 2.
2181 3677 2217 3734 3
2264 3675 2547 3750 leguntur
2585 3675 2641 3731 ei
2686 3677 2923 3733 auctori

641 3776 827 3835 debet
876 3795 950 3834 ex
996 3795 1116 3853 quo
1163 3778 1415 3836 alterum
1460 3778 1541 3834 de
1589 3775 2011 3834 communibus
2057 3777 2302 3851 syllabis
2346 3784 2672 3834 tractatum
2720 3775 2926 3834 Chari-

641 3877 764 3934 sius
812 3877 1014 3936 hausit
1057 3877 1140 3955 (p.
1173 3881 1269 3948 16,
1314 3880 1518 3939 5-23
1551 3886 1614 3937 et
1644 3874 1935 3954 23—25).
2024 3879 2185 3935 Tum
2232 3880 2310 3935 ab
2357 3879 2679 3954 Anonymo
2724 3879 2925 3936 aliena

641 3995 776 4036 esse
823 3978 1108 4038 uidentur
1157 3997 1316 4055 quae
1359 3998 1416 4056 p.
1462 3981 1603 4048 432,
1672 3979 1939 4052 6-433,
2010 3979 2045 4036 2
2112 3979 2192 4035 de
2251 3979 2487 4036 ratione
2548 3997 2706 4055 quae
2761 3981 2919 4038 inter

839 4208 860 4246 1
897 4213 1036 4278 apud
1073 4213 1305 4263 Dioclem
1344 4212 1456 4262 ‘uel
1491 4211 1674 4262 tonos’
1710 4211 1997 4276 legendum
2035 4227 2150 4262 esse
2193 4211 2412 4263 conicio,

834 4297 859 4335 2
893 4302 1115 4353 fortasse
1153 4303 1306 4352 etiam
1344 4302 1577 4368 proxima
1613 4318 1676 4350 ex
1715 4302 1999 4368 Anonymo
2061 4301 2246 4397 hausta
2290 4307 2425 4360 sunt,
2483 4303 2721 4367 quamuis
2784 4301 2921 4367 apud

639 4391 910 4440 Donatum
938 4389 1028 4440 uel
1065 4406 1173 4442 non
1212 4391 1298 4440 uel
1337 4405 1445 4440 non
1484 4391 1558 4440 sic
1595 4390 1846 4452 legantur.

839 4475 862 4512 3
894 4485 1212 4545 postremum
1253 4479 1572 4529 enuntiatum
1611 4477 1810 4546 (Diom.
1852 4495 1904 4545 p.
1945 4477 2067 4545 434,
2106 4478 2162 4548 6)
2201 4479 2443 4530 Donatus
2480 4478 2674 4530 omisit.
