3459 5217
1531 494 1853 545 ...9.-

548 680 612 729 et
675 670 1048 745 superlatiua
1091 669 1251 726 inter
1297 669 1523 727 formas
1567 668 1970 727 deriuationis
2020 669 2267 726 exhibet
2297 678 2359 727 et
2400 668 2483 726 ibi
2516 677 2714 726 totum
2758 670 2837 727 de

547 771 986 846 conparatione
1029 777 1358 827 tractatum
1399 770 1624 844 posuit.

741 872 871 929 Iam
915 872 1000 928 ad
1047 871 1245 945 ipsum
1315 879 1499 947 caput
1565 873 2060 947 percensendum
2122 872 2330 931 redeo,
2421 872 2510 928 Ac
2581 872 2837 946 primum

551 974 798 1049 quidem
845 973 926 1029 de
970 972 1375 1048 speciebus
1421 972 1747 1030 nominis
1787 990 1965 1047 agam
1999 990 2073 1030 ea
2114 972 2353 1029 ratione
2384 990 2545 1040 usuS,
2592 981 2659 1029 ut
2691 971 2839 1028 Dio-

544 1074 790 1131 medem
857 1074 1030 1148 quasi
1098 1074 1561 1131 fundamentum
1632 1059 2065 1148 disputationis
2133 1073 2393 1131 habeam
2452 1080 2517 1130 et
2561 1074 2837 1130 ordinem

545 1193 728 1250 quem
772 1174 1052 1233 adhibuit
1093 1187 1331 1251 sequar.

747 1276 1057 1348 Quattuor
1081 1276 1312 1351 priores
1332 1276 1569 1351 species
1596 1294 1751 1352 quas
1776 1274 2115 1333 Diomedes
2136 1284 2452 1334 enumerat
2468 1270 2490 1311 ¹
2518 1284 2659 1333 sunt
2677 1277 2837 1349 quae

549 1385 799 1453 gentem
840 1378 1097 1451 patriam
1136 1395 1453 1434 numerum
1484 1378 1762 1433 ordinem
1800 1377 2138 1453 significant
2162 1372 2385 1453 (Diom.
2419 1396 2479 1451 p.
2506 1377 2645 1449 322,
2675 1378 2836 1435 14-

553 1474 678 1553 17).
765 1476 916 1537 Cum
975 1478 1066 1537 his
1109 1478 1392 1536 Donatus
1437 1474 1518 1554 (p.
1565 1480 1704 1552 374,
1755 1478 1945 1551 5-8)
1990 1479 2172 1554 plane
2216 1477 2542 1536 consentit.
2632 1476 2837 1534 Chari-

555 1578 676 1636 sius
745 1574 832 1655 (p.
883 1580 1023 1648 154,
1070 1582 1168 1638 21.
1217 1575 1345 1653 22),
1418 1580 1773 1655 Anonymus
1830 1579 2153 1637 Bobiensis
2223 1575 2305 1654 (p.
2352 1580 2492 1656 535,
2552 1574 2839 1651 11—13),

552 1679 880 1738 Dositheus
927 1674 1012 1757 (p.
1063 1683 1204 1749 394,
1256 1684 1350 1741 11.
1404 1674 1511 1757 12)
1555 1682 1889 1739 secundam
1944 1681 2211 1755 speciem
2266 1689 2328 1738 et
2372 1680 2839 1738 adnotationem

549 1781 935 1839 subiunctam
995 1774 1137 1860 (sed
1179 1782 1439 1857 primum
1492 1814 1569 1823 —-
1616 1778 1825 1857 alium)
1872 1783 2176 1841 omittunt.
2265 1782 2565 1839 Secuntur
2615 1781 2759 1837 ficta
2800 1798 2837 1835 a

549 1883 715 1939 sonis
757 1880 884 1957 (V),
957 1901 1116 1958 quae
1183 1884 1260 1941 ab
1329 1884 1639 1941 aduerbiis
1711 1876 1871 1962 (Vl),
1945 1901 2105 1959 quae
2172 1902 2211 1941 a
2272 1882 2601 1958 participiis
2665 1875 2837 1959 (VII)

551 1984 944 2040 descendunt
988 1977 1216 2061 (Diom.
1263 2004 1322 2061 p.
1371 1986 1512 2051 322,
1565 1986 1857 2058 17—21).
1943 1984 2118 2042 Haec
2163 1985 2333 2060 apud
2362 1983 2674 2041 Donatum
2712 2000 2839 2039 non

555 2084 864 2158 leguntur;
928 2084 1142 2161 reliqui
1198 2094 1316 2143 tres
1361 2086 1582 2143 eadem
1625 2085 1922 2160 praebent
1966 2077 2224 2167 (Charis.
2270 2103 2330 2159 p.
2379 2087 2515 2156 155,
2562 2086 2839 2156 27—303

554 2184 753 2241 Anon.
808 2185 960 2245 Bob.
1007 2186 1149 2259 535,
1197 2188 1472 2256 34—3'2'3
1517 2185 1756 2246 Dosith.
1802 2204 1862 2261 p.
1910 2188 2051 2257 396,
2102 2186 2405 2261 11-397,
2452 2182 2534 2259 2).
2596 2184 2837 2243 Octaua

553 2293 615 2341 et
656 2303 826 2343 nona
870 2286 1106 2361 species
1153 2294 1294 2343 sunt
1336 2288 1664 2362 participiis
1707 2296 1770 2345 et
1813 2286 2013 2345 uerbis
2060 2286 2275 2344 similia
2320 2284 2564 2359 (Diom.
2596 2304 2653 2360 p.
2697 2288 2839 2351 322,

549 2384 844 2460 21—23).
954 2386 1131 2444 Haec
1197 2386 1478 2445 Donatus
1547 2388 1817 2446 seruauit
1876 2385 1963 2464 (p.
2028 2390 2186 2457 374,
2259 2381 2560 2465 12-14),
2628 2386 2840 2462 reliqui

551 2487 856 2546 omittunt.
937 2487 1118 2559 Quae
1175 2497 1455 2547 secuntur
1509 2491 1749 2565 species
1803 2490 2060 2547 X—-XII
2119 2489 2455 2546 Diomedes
2510 2488 2674 2546 solus
2735 2506 2838 2543 ex-

553 2588 742 2658 hibet,
773 2590 1129 2664 perileptica
1163 2591 1564 2666 etymologica
1599 2592 1933 2666 periectica
1966 2590 2049 2667 (p.
2086 2592 2226 2661 322,
2261 2587 2551 2664 23-27).
2593 2588 2835 2664 Species

552 2689 965 2747 XIII—XVII
1019 2698 1190 2748 sunt:
1260 2692 1342 2747 ad
1407 2692 1654 2767 aliquid,
1705 2694 1789 2750 ad
1844 2692 2073 2767 aliquid
2113 2691 2371 2767 qualiter
2414 2709 2481 2749 se
2525 2690 2835 2765 habentia,

551 2789 939 2868 homonyma,
999 2809 1353 2872 synonyma,
1414 2794 1655 2851 mediae
1697 2794 2023 2868 potestatis
2072 2785 2159 2872 (p.
2210 2794 2349 2868 322,
2396 2793 2703 2861 27-323,
2751 2790 2835 2863 5).

551 3006 865 3056 collationes
880 3006 912 3067 ’,
950 3024 980 3056 a
1016 3006 1236 3058 librario
1274 3008 1506 3059 inlatum.
1563 3010 1702 3058 Nam
1743 3009 1879 3058 inter
1932 3007 2223 3059 accidentia
2261 3008 2694 3073 conparationem
2732 3022 2840 3056 non

531 3095 806 3145 nominat.

761 3180 782 3217 1
818 3185 1106 3236 Diomedes
1139 3203 1190 3252 p.
1229 3186 1348 3248 322,
1387 3184 1596 3237 12—14
1624 3186 1700 3235 sic
1721 3186 1918 3251 pergit:
1958 3184 2079 3235 ‘sed
2109 3186 2235 3235 haec
2264 3186 2435 3235 omnia
2458 3186 2667 3236 nomina
2689 3184 2841 3234 abso-

549 3272 661 3322 luta
686 3270 952 3339 (absolute
988 3273 1118 3341 leg.)
1161 3275 1402 3324 dicuntur
1428 3280 1480 3324 et
1509 3274 1729 3337 singulis
1762 3274 2063 3340 quibusque
2086 3275 2577 3347 rebus-personisue
2600 3274 2843 3340 apposita

549 3361 748 3428 (posita
783 3364 959 3423 codd„
998 3364 1239 3429 apposita
1278 3370 1399 3413 sunt
1433 3362 1593 3427 leg.)'‚
1633 3362 1827 3429 quibus
1856 3364 1991 3413 Keil
2029 3370 2208 3413 notam
2250 3364 2439 3413 adiecit
2479 3363 2599 3413 ‘sed
2646 3392 2715 3400 —-
2755 3380 2839 3429 ap-

550 3450 752 3515 posita’
791 3452 1009 3516 repetita
1045 3459 1096 3501 et
1133 3468 1228 3501 suo
1267 3451 1384 3501 loco
1421 3452 1595 3517 posita
1643 3467 1761 3501 esse
1799 3468 1849 3516 p.
1888 3451 2010 3516 323,
2052 3450 2133 3503 16.
2209 3451 2314 3500 Sed
2375 3451 2519 3501 illinc
2570 3469 2703 3518 quae
2753 3453 2840 3502 hic

551 3539 794 3601 leguntur
829 3540 993 3589 uerba
1031 3540 1112 3589 ‘et
1150 3540 1372 3602 singulis
1411 3540 1706 3604 quibusque
1746 3540 1904 3589 rebus
1961 3539 2200 3605 apposita
2238 3538 2379 3587 sunt'
2418 3540 2695 3606 desumpta
2733 3558 2841 3590 non

553 3643 664 3677 esse
703 3628 933 3693 adparet.
993 3628 1159 3694 Apud
1199 3628 1494 3678 Charisium
1525 3626 1599 3693 (p.
1629 3626 1749 3686 156,
1790 3628 1836 3678 3.
1878 3628 1949 3691 4),
1987 3629 2167 3676 Anon.
2208 3627 2343 3679 Bob.
2388 3625 2463 3693 (p.
2502 3626 2623 3693 536,
2662 3627 2839 3694 4-6),

548 3715 757 3766 Dosith.
816 3713 889 3782 (p.
928 3714 1049 3776 397,
1108 3716 1270 3784 7—9)
1330 3718 1462 3767 haec
1509 3716 1783 3779 leguntur:
1847 3715 1969 3765 ‘sed
2026 3716 2157 3765 haec
2197 3716 2371 3765 omnia
2426 3713 2667 3783 (nomina
2722 3717 2841 3767 cod.

550 3801 792 3867 ChariS.),
830 3819 1139 3869 quamquam
1179 3805 1381 3871 species
1425 3813 1545 3855 sunt
1572 3804 1861 3863 nominum,
1902 3804 2145 3854 absolute
2166 3811 2341 3855 tamen
2360 3806 2569 3853 nomina
2598 3804 2840 3854 dicuntur

550 3898 602 3940 et
669 3892 890 3955 singulis
950 3890 1268 3959 (quibusque
1329 3890 1564 3960 Dosith.)
1621 3893 1777 3942 rebus
1840 3893 2151 3958 personisue
2214 3893 2450 3958 apposita
2518 3891 2842 3958 (praeposita

549 3979 782 4045 Dosith.)
825 3973 988 4033 sunt'.
1047 3982 1287 4047 Adparet
1332 3982 1467 4030 hanc
1507 3982 1714 4047 plenam
1754 3982 2061 4031 sententiam
2100 3988 2220 4030 tunc
2259 3982 2469 4031 demum
2506 3980 2665 4040 effici,
2702 3980 2747 4029 si
2778 3996 2841 4029 ea

551 4069 916 4131 coniungimus
979 4086 1110 4134 quae
1150 4070 1286 4135 apud
1322 4070 1632 4120 Diomedem
1676 4069 1881 4119 duobus
1919 4068 2030 4118 illis
2065 4068 2197 4118 locis
2234 4068 2493 4132 leguntur.
2527 4072 2529 4076 '
2565 4070 2749 4133 Itaque
2772 4068 2840 4117 de

549 4156 926 4222 interpolatore
965 4158 1184 4221 cogitari
1222 4175 1329 4207 non
1368 4164 1556 4223 potest.
1633 4159 1686 4206 A
1725 4158 1989 4207 Diomede
2045 4156 2181 4206 illud
2236 4156 2558 4206 enuntiatum
2614 4157 2839 4205 diuisum

551 4252 646 4304 est,
686 4252 737 4294 et
775 4246 938 4294 altera
975 4262 1092 4311 pars
1133 4246 1436 4295 nominibus
1475 4254 1526 4296 et
1565 4246 1791 4312 propriis
1836 4252 1889 4294 et
1924 4245 2250 4311 appellatiuis
2290 4246 2583 4303 subiuncta,
2647 4245 2841 4311 quibus
2886 4280 2901 4299 .

553 4334 626 4382 sic
696 4341 848 4399 aptus
916 4334 1038 4383 finis
1096 4334 1450 4399 inponeretur.
1541 4335 1678 4383 Nam
1736 4333 1953 4399 propria
2014 4334 2167 4382 sedes
2229 4334 2349 4383 huic
2406 4334 2676 4382 enuntiato
2719 4339 2841 4398 post

552 4420 784 4486 epitheta
833 4427 928 4482 est,
990 4422 1084 4472 ubi
1137 4424 1274 4487 apud
1323 4422 1638 4473 Diomedem
1677 4422 1838 4472 altera
1876 4437 2014 4488 parS,
2070 4422 2211 4488 apud
2258 4422 2487 4487 reliquos
2529 4429 2631 4471 tres
2668 4427 2834 4471 totum

551 4508 763 4571 legitur.
