3459 5217
659 971 706 1030 I.

628 1271 704 1328 H.

604 1472 708 1532 ΙΙΙ.

602 1673 709 1732 IV.

605 2278 708 2336 VI.

570 2681 699 2742 VII.

540 2983 703 3041 VIII.

598 3687 702 3746 IX.

1042 789 1573 848 SENTENTIAE
1617 785 2312 846 CONTROVERSAE.

796 971 938 1030 Sen.
969 988 1062 1044 ep.
1095 971 1194 1039 67,
1230 974 1302 1029 11
1350 970 1683 1045 legendum
1727 978 1849 1026 est.
1889 958 2125 1045 quidm
2148 969 2267 1026 hoc
2301 968 2572 1042 optabile
2601 976 2833 1046 putem,

789 1090 912 1130 non
956 1071 1126 1146 quod
1164 1071 1280 1127 urit
1323 1088 1421 1158 me
1460 1071 1633 1144 ignis,
1680 1072 1796 1127 sed
1838 1071 2009 1145 quod
2051 1087 2176 1127 non
2219 1054 2481 1126 uincitP'
2520 1058 2830 1144 ‘optabile

793 1178 1000 1228 autem
1041 1155 1197 1230 non'
1244 1173 1381 1229 cod.
1424 1189 1492 1246 p;
1535 1158 1843 1246 ‘optabile
1890 1171 1967 1227 sit
2011 1155 2167 1226 non'
2212 1169 2338 1230 rell.
2386 1170 2525 1228 cod.

791 1271 930 1329 Seu.
978 1289 1074 1346 ep.
1123 1273 1220 1347 68,
1268 1276 1305 1329 4
1358 1280 1523 1329 recte
1569 1271 1811 1328 Fickert
1863 1271 2134 1346 scripsit.
2196 1260 2491 1345 ‘alioquin
2543 1288 2667 1326 non
2722 1269 2833 1326 de-

794 1380 969 1429 erunt
1013 1373 1114 1447 qui
1157 1359 1622 1446 persequantur’
1627 1417 1640 1431 .
1682 1360 1960 1447 ‘semper
2000 1355 2372 1447 sequantur'
2415 1372 2555 1431 cod.
2590 1388 2661 1445 p.

797 1471 1280 1531 Declinationem
1343 1473 1655 1529 nominum
1719 1480 2009 1549 quattuor
2072 1472 2387 1530 ordinibus
2449 1470 2827 1547 conprehen-

796 1575 944 1630 dere
986 1573 1210 1648 primus
1257 1574 1571 1631 Remmius
1614 1573 1951 1631 Palaemon
1996 1573 2220 1634 docuit.

799 1672 1209 1745 Quintilianus
1253 1674 1314 1730 in
1357 1675 1655 1748 capitibus
1702 1675 1782 1731 de
1826 1674 2221 1749 grammatica
2259 1668 2419 1749 (inst.
2452 1691 2538 1733 or.
2569 1673 2613 1742 Ι,
2634 1671 2829 1750 4—8)

793 1775 1249 1832 conscribendis
1301 1782 1544 1850 praeter
1587 1774 1969 1832 Palaemonis
2022 1783 2215 1832 artem
2268 1775 2522 1834 aliorum
2577 1791 2827 1850 quoque

797 1874 956 1932 libris
1002 1893 1148 1932 usus
1193 1884 1304 1934 est.

789 1973 1148 2046 Quintiliani
1194 1975 1366 2034 locus
1409 1977 1549 2035 inst.
1595 1995 1678 2036 or.
1722 1976 1771 2050 Ι,
1814 1979 1874 2044 9,
1910 1979 1941 2034 1
1991 1976 2078 2034 sic
2112 1975 2237 2033 fere
2262 1977 2673 2034 restituendus
2702 1984 2829 2034 est:

791 2062 1070 2149 ‘quarum
1114 2077 1274 2134 illam
1317 2077 1413 2135 alii
1456 2077 1869 2147 methodicen,
1914 2077 2014 2134 alii
2054 2078 2383 2136 horisticen
2425 2063 2699 2138 uocant'.
2754 2076 2830 2136 cf.

796 2176 951 2237 Mar.
994 2177 1155 2236 Vict.
1201 2177 1331 2239 GL.
1378 2178 1464 2237 VI
1506 2197 1565 2254 p.
1609 2182 1669 2248 4,
1709 2181 1743 2237 3
1791 2188 1854 2236 et
1896 2177 2099 2239 Diom.
2146 2177 2353 2238 GL.·1
2394 2196 2453 2253 p.
2500 2180 2642 2252 426,
2679 2180 2772 2237 16.

797 2279 1164 2354 Fragmenta
1209 2281 1626 2339 commentarii
1686 2280 1749 2336 in
1796 2279 2022 2355 Vergili
2066 2280 2335 2338 carmina
2392 2296 2572 2355 quae,
2638 2287 2707 2335 ut
2751 2279 2829 2336 ab

792 2380 992 2454 Aspro
1038 2380 1312 2450 oriunda,
1357 2379 1676 2439 Chatelain
1718 2398 1913 2456 nuper
1961 2381 2158 2439 edidit
2201 2377 2443 2456 (Revue
2488 2381 2566 2436 de
2612 2379 2823 2440 Philol.

793 2479 866 2539 N.
912 2480 970 2540 S.
1017 2481 1074 2537 X
1119 2499 1174 2556 p.
1221 2483 1300 2540 83
1341 2477 1497 2557 sqq.)
1561 2491 1704 2539 ante
1773 2483 2078 2539 saeculum
2120 2499 2180 2556 p.
2225 2480 2293 2540 C.
2340 2481 2434 2538 ΠΙ
2479 2481 2825 2555 conscripta

791 2598 914 2638 non
961 2590 1119 2642 sunt.

789 2681 986 2740 Schol.
1019 2681 1251 2757 Syriani
1285 2683 1347 2739 in
1376 2681 1668 2756 Hermog.
1713 2679 1861 2757 περὶ
1905 2677 2095 2743 ἰδεῶν
2139 2683 2255 2740 VII
2295 2701 2355 2758 p.
2384 2684 2499 2742 891
2535 2701 2596 2742 n.
2622 2683 2702 2742 64
2723 2681 2825 2739 W:

791 2777 973 2842 Βάειε
1017 2778 1381 2856 καλεῖται.ἣ
1427 2777 1747 2857 κατάμιξιε
1791 2783 1922 2844 τῶν
1964 2779 2204 2857 κώλων,
2250 2779 2289 2856 ἣ
2336 2779 2440 2843 καὶ
2469 2777 2820 2844 ἀνάπαυειε

790 2879 1062 2952 λέγεται.
1109 2884 1226 2958 leg.
1274 2878 1628 2957 κατάληξις.

793 2982 991 3045 Schol.
1034 2984 1096 3040 in
1140 2983 1429 3059 Hermog.
1474 2984 1555 3044 ib.
1600 3003 1662 3059 p.
1707 2987 1849 3056 903,
1898 2989 1962 3044 1:
2030 2981 2202 3044 ''lcwc
2250 2982 2322 3045 δὲ
2381 2980 2701 3058 ζητήεειεν
2745 2979 2825 3044 ἄν

790 3100 900 3158 τις,
946 3081 1004 3143 τί
1047 3081 1124 3158 δὴ
1174 3081 1253 3145 τὰ
1298 3083 1474 3144 κῶλα
1517 3087 1806 3159 παρῆκεν
1852 3081 1922 3145 ἐν
1963 3087 2039 3164 τῇ
2099 3083 2262 3146 κατὰ
2313 3081 2502 3160 φύειν
2556 3079 2822 3159 ἀπαριθ-

786 3182 981 3259 μήεει,
1051 3179 1186 3246 εἶτα
1243 3181 1681 3261 ἀποδεδωκὼς
1725 3180 1901 3249 τάξιν
1945 3182 2180 3247 αὐτοῖς.
2253 3187 2649 3244 scribendum
2710 3187 2825 3246 sic:

784 3287 1070 3360 παρῆκεν
1113 3281 1260 3361 (scil.
1303 3285 1594 3362 Hermog.
1640 3286 1727 3343 III
1772 3305 1829 3362 p.
1876 3288 2015 3356 198,
2061 3289 2097 3342 7
2133 3305 2225 3363 sq.
2258 3284 2377 3364 W),
2428 3283 2498 3347 ἐν
2542 3289 2617 3367 τῇ
2662 3283 2825 3346 κατὰ

783 3381 972 3461 φύειν
1017 3381 1431 3462 ἀπαριθμήεει
1487 3383 1805 3464 (Hermog.
1850 3407 1910 3464 p.
1955 3391 2093 3458 195,
2123 3391 2208 3448 -21
2260 3389 2371 3465 sq.)
2420 3385 2712 3463 πέμπτην
2759 3381 2823 3446 ἀ.

788 3503 844 3546 τ.
875 3481 934 3548 ἀ.
985 3491 1123 3546 cod.
1170 3489 1302 3549 Par.
1347 3491 1508 3548 2977
1553 3486 1822 3564 πέμπειν
1865 3484 2263 3565 ἀποδέδωκε,
2309 3491 2445 3548 cod.
2478 3489 2612 3549 Par.
2659 3491 2823 3548 2916

792 3583 926 3649 εἶτα
973 3583 1418 3659 ἀποδεδωκώς,
1465 3592 1601 3651 cod.
1647 3591 1815 3652 Mon.
1862 3586 1903 3664 ἤ
1949 3585 2401 3652 ἀποδεδωκώς.

793 3689 991 3748 Schol.
1032 3691 1096 3747 in
1138 3690 1431 3766 Hermog.
1476 3691 1557 3749 ib.
1602 3709 1660 3766 p.
1693 3694 1813 3751 896
1857 3711 1914 3752 n.
1950 3695 2051 3752 16:
2096 3687 2469 3755 πλεονάζειν
2508 3689 2824 3766 (Hermog.

783 3807 844 3864 p.
877 3785 1170 3865 197,17).
1214 3787 1616 3866 πλεοναεμόν
1660 3789 1833 3864 λέγει
1878 3789 2155 3853 ἐνταῦθα
2198 3788 2275 3852 οὐ
2318 3790 2393 3853 τὸ
2416 3792 2664 3866 πλῆθος
2690 3792 2823 3853 τῶν

789 3885 957 3950 ὀκτὼ
1004 3887 1244 3966 μορίων
1285 3891 1398 3966 τῆς
1441 3887 1631 3966 ἰδέας,
1679 3887 1846 3954 ἀλλὰ
1882 3891 1999 3968 τὴν
2030 3890 2206 3954 λύειν
2244 3893 2375 3954 κτλ.
2422 3893 2627 3968 corrig.
2658 3886 2822 3952 ἀλλὰ

787 3986 904 4063 τὴν
947 3986 1230 4066 δύναμιν.
1302 3992 1378 4050 cf.
1421 4013 1479 4068 p.
1529 3995 1670 4068 897,
1719 3997 1825 4056 19:
1896 3991 2111 4069 ἐπειδὴ
2160 3992 2236 4055 τὸ
2290 3988 2665 4055 πλεονάζειν
2722 3990 2828 4054 καὶ

785 4086 855 4150 ἐν
900 4087 1126 4165 πλήθει
1167 4089 1293 4152 {cri
1335 4090 1438 4154 καὶ
1483 4091 1553 4155 ἐν
1599 4089 1886 4170 δυνάμει.

790 4190 1012 4266 Peplus
1053 4193 1152 4249 ille
1196 4195 1300 4268 qui
1329 4193 1776 4252 Panathenaeis
1802 4196 2110 4255 Mineruae
2141 4197 2547 4255 dedicabatur
2580 4214 2617 4253 e
2648 4213 2817 4253 more

782 4293 1021 4368 rituque
1083 4294 1385 4369 religionis
1448 4314 1574 4354 non
1640 4306 1878 4372 poterat
1937 4317 1975 4356 a
2032 4316 2220 4374 puero
2285 4297 2590 4355 sacerdoti
2660 4297 2821 4355 deae

788 4393 1008 4453 offerri,

1721 4639 2135 4722 ssBARY

1667 4681 1769 4761 φάς’
1808 4733 1875 4778 01:
1914 4723 2033 4770 ἹἩΕ

1537 4774 1627 4958 ζμ
1634 4754 2186 5008 ιιΝΝειῑιειτΥ

1683 4613 2288 5043 (λαμπρ
