<?xml version="1.0" encoding="UTF-8"?>
<!DOCTYPE html PUBLIC "-//W3C//DTD XHTML 1.0 Transitional//EN"
    "http://www.w3.org/TR/xhtml1/DTD/xhtml1-transitional.dtd">
<html xmlns="http://www.w3.org/1999/xhtml" xml:lang="en" lang="en">
 <head>
  <title>
</title>
<meta http-equiv="Content-Type" content="text/html;charset=utf-8" />
  <meta name='ocr-system' content='tesseract 3.04.00' />
  <meta name='ocr-capabilities' content='ocr_page ocr_carea ocr_par ocr_line ocrx_word'/>
</head>
<body>
  <div class='ocr_page' id='page_1' title='image "./deartiumscripto00boelgoog_0041.png"; bbox 0 0 3459 5217; ppageno 0'>
   <div class='ocr_carea' id='block_1_1' title="bbox 1448 469 1803 521">
    <p class='ocr_par' dir='ltr' id='par_1_1' title="bbox 1448 469 1803 521">
     <span class='ocr_line' id='line_1_1' title="bbox 1448 469 1803 521; baseline 0 -15"><span class='ocrx_word' id='word_1_1' title='bbox 1448 469 1803 521; x_wconf 72' lang='lat'><strong>...33-</strong></span> 
     </span>
    </p>
   </div>
   <div class='ocr_carea' id='block_1_2' title="bbox 402 629 2799 3767">
    <p class='ocr_par' dir='ltr' id='par_1_2' title="bbox 402 629 2788 1632">
     <span class='ocr_line' id='line_1_2' title="bbox 486 629 2783 721; baseline -0.001 -20"><span class='ocrx_word' id='word_1_2' title='bbox 486 645 674 702; x_wconf 89' lang='lat' dir='ltr'><strong>titulis</strong></span> <span class='ocrx_word' id='word_1_3' title='bbox 724 643 1005 720; x_wconf 87' lang='lat' dir='ltr'>praefixis</span> <span class='ocrx_word' id='word_1_4' title='bbox 1045 629 1374 720; x_wconf 85' lang='lat' dir='ltr'><strong>‘qualitas&#39;</strong></span> <span class='ocrx_word' id='word_1_5' title='bbox 1416 652 1478 703; x_wconf 90' lang='lat' dir='ltr'><strong>et</strong></span> <span class='ocrx_word' id='word_1_6' title='bbox 1516 629 1822 721; x_wconf 80' lang='lat' dir='ltr'><strong>‘species’</strong></span> <span class='ocrx_word' id='word_1_7' title='bbox 1868 649 2201 702; x_wconf 88' lang='lat' dir='ltr'><strong>occurrant</strong></span> <span class='ocrx_word' id='word_1_8' title='bbox 2250 660 2376 701; x_wconf 90' lang='lat' dir='ltr'><strong>non</strong></span> <span class='ocrx_word' id='word_1_9' title='bbox 2446 642 2660 701; x_wconf 87' lang='lat' dir='ltr'><strong>notaui</strong></span> <span class='ocrx_word' id='word_1_10' title='bbox 2705 671 2783 683; x_wconf 88' lang='lat'><strong>-—-</strong></span> 
     </span>
     <span class='ocr_line' id='line_1_3' title="bbox 486 733 2784 830; baseline -0.002 -26"><span class='ocrx_word' id='word_1_11' title='bbox 486 747 671 804; x_wconf 90' lang='lat' dir='ltr'><strong>immo</strong></span> <span class='ocrx_word' id='word_1_12' title='bbox 725 746 1096 830; x_wconf 21' lang='lat' dir='ltr'><strong>,crediderim</strong></span> <span class='ocrx_word' id='word_1_13' title='bbox 1149 764 1208 821; x_wconf 90' lang='lat' dir='ltr'><strong>p.</strong></span> <span class='ocrx_word' id='word_1_14' title='bbox 1254 748 1394 822; x_wconf 86' lang='lat'><strong>346,</strong></span> <span class='ocrx_word' id='word_1_15' title='bbox 1439 748 1476 806; x_wconf 84' lang='lat'><strong>2</strong></span> <span class='ocrx_word' id='word_1_16' title='bbox 1539 763 1757 804; x_wconf 89' lang='lat' dir='ltr'><strong>uocem</strong></span> <span class='ocrx_word' id='word_1_17' title='bbox 1796 733 2057 804; x_wconf 81' lang='lat' dir='ltr'><strong>‘forma&#39;</strong></span> <span class='ocrx_word' id='word_1_18' title='bbox 2112 761 2149 802; x_wconf 91' lang='lat' dir='ltr'><strong>a</strong></span> <span class='ocrx_word' id='word_1_19' title='bbox 2201 744 2440 802; x_wconf 90' lang='lat' dir='ltr'><strong>librario</strong></span> <span class='ocrx_word' id='word_1_20' title='bbox 2497 744 2651 802; x_wconf 87' lang='lat' dir='ltr'><strong>falso</strong></span> <span class='ocrx_word' id='word_1_21' title='bbox 2708 761 2784 800; x_wconf 85' lang='lat' dir='ltr'><strong>ex</strong></span> 
     </span>
     <span class='ocr_line' id='line_1_4' title="bbox 485 833 2785 924; baseline -0.001 -20"><span class='ocrx_word' id='word_1_22' title='bbox 485 848 771 905; x_wconf 89' lang='lat' dir='ltr'><strong>lemmate</strong></span> <span class='ocrx_word' id='word_1_23' title='bbox 815 849 1142 924; x_wconf 85' lang='lat' dir='ltr'><strong>repetitam</strong></span> <span class='ocrx_word' id='word_1_24' title='bbox 1192 865 1302 923; x_wconf 92' lang='lat' dir='ltr'><strong>pro</strong></span> <span class='ocrx_word' id='word_1_25' title='bbox 1343 833 1651 924; x_wconf 82' lang='lat' dir='ltr'><strong>‘species&#39;</strong></span> <span class='ocrx_word' id='word_1_26' title='bbox 1695 849 1957 924; x_wconf 83' lang='lat' dir='ltr'><strong>positam</strong></span> <span class='ocrx_word' id='word_1_27' title='bbox 2002 865 2159 906; x_wconf 90' lang='lat' dir='ltr'><strong>esse.</strong></span> <span class='ocrx_word' id='word_1_28' title='bbox 2249 846 2405 903; x_wconf 88' lang='lat' dir='ltr'><strong>Nam</strong></span> <span class='ocrx_word' id='word_1_29' title='bbox 2463 854 2785 922; x_wconf 87' lang='lat' dir='ltr'><strong>praeterea</strong></span> 
     </span>
     <span class='ocr_line' id='line_1_5' title="bbox 485 935 2783 1023; baseline -0.001 -17"><span class='ocrx_word' id='word_1_30' title='bbox 485 938 676 1007; x_wconf 82' lang='lat' dir='ltr'><strong>tribus</strong></span> <span class='ocrx_word' id='word_1_31' title='bbox 713 957 954 1007; x_wconf 90' lang='lat' dir='ltr'><strong>tantum</strong></span> <span class='ocrx_word' id='word_1_32' title='bbox 985 948 1134 1007; x_wconf 88' lang='lat' dir='ltr'><strong>locis</strong></span> <span class='ocrx_word' id='word_1_33' title='bbox 1169 950 1537 1006; x_wconf 89' lang='lat' dir='ltr'><strong>uocabulum</strong></span> <span class='ocrx_word' id='word_1_34' title='bbox 1562 935 1827 1008; x_wconf 81' lang='lat' dir='ltr'><strong>‘forma&#39;</strong></span> <span class='ocrx_word' id='word_1_35' title='bbox 1859 949 2093 1023; x_wconf 86' lang='lat' dir='ltr'><strong>legitur,</strong></span> <span class='ocrx_word' id='word_1_36' title='bbox 2124 966 2182 1023; x_wconf 90' lang='lat' dir='ltr'><strong>p.</strong></span> <span class='ocrx_word' id='word_1_37' title='bbox 2214 949 2354 1019; x_wconf 87' lang='lat'>344,</span> <span class='ocrx_word' id='word_1_38' title='bbox 2382 949 2486 1022; x_wconf 82' lang='lat'><strong>133</strong></span> <span class='ocrx_word' id='word_1_39' title='bbox 2534 949 2677 1016; x_wconf 86' lang='lat'>345,</span> <span class='ocrx_word' id='word_1_40' title='bbox 2704 947 2783 1004; x_wconf 88' lang='grc'><strong>23</strong></span> 
     </span>
     <span class='ocr_line' id='line_1_6' title="bbox 485 1043 2783 1128; baseline -0.001 -21"><span class='ocrx_word' id='word_1_41' title='bbox 485 1046 655 1128; x_wconf 84' lang='lat' dir='ltr'><strong>(bis),</strong></span> <span class='ocrx_word' id='word_1_42' title='bbox 705 1050 768 1107; x_wconf 89' lang='lat' dir='ltr'><strong>in</strong></span> <span class='ocrx_word' id='word_1_43' title='bbox 811 1050 1120 1126; x_wconf 85' lang='lat' dir='ltr'>particulis</span> <span class='ocrx_word' id='word_1_44' title='bbox 1165 1067 1326 1125; x_wconf 90' lang='lat' dir='ltr'><strong>quae</strong></span> <span class='ocrx_word' id='word_1_45' title='bbox 1374 1067 1511 1106; x_wconf 92' lang='lat' dir='ltr'><strong>cum</strong></span> <span class='ocrx_word' id='word_1_46' title='bbox 1556 1050 1811 1108; x_wconf 89' lang='lat' dir='ltr'><strong>Donato</strong></span> <span class='ocrx_word' id='word_1_47' title='bbox 1858 1050 2253 1106; x_wconf 89' lang='lat' dir='ltr'><strong>consentiunt</strong></span> <span class='ocrx_word' id='word_1_48' title='bbox 2292 1043 2523 1127; x_wconf 87' lang='lat' dir='ltr'><strong>(Diom.</strong></span> <span class='ocrx_word' id='word_1_49' title='bbox 2556 1065 2615 1122; x_wconf 90' lang='lat' dir='ltr'><strong>p.</strong></span> <span class='ocrx_word' id='word_1_50' title='bbox 2642 1049 2783 1115; x_wconf 87' lang='grc'><strong>344,</strong></span> 
     </span>
     <span class='ocr_line' id='line_1_7' title="bbox 490 1148 2785 1226; baseline -0.002 -16"><span class='ocrx_word' id='word_1_51' title='bbox 490 1153 732 1210; x_wconf 84' lang='lat'><strong>13-—16</strong></span> <span class='ocrx_word' id='word_1_52' title='bbox 782 1173 862 1201; x_wconf 80' lang='grc'><strong>--·-</strong></span> <span class='ocrx_word' id='word_1_53' title='bbox 909 1151 1071 1210; x_wconf 91' lang='lat' dir='ltr'><strong>Don.</strong></span> <span class='ocrx_word' id='word_1_54' title='bbox 1120 1170 1178 1226; x_wconf 92' lang='lat' dir='ltr'><strong>p.</strong></span> <span class='ocrx_word' id='word_1_55' title='bbox 1218 1153 1358 1225; x_wconf 86' lang='grc'><strong>382,</strong></span> <span class='ocrx_word' id='word_1_56' title='bbox 1391 1153 1553 1210; x_wconf 89' lang='grc'><strong>6--9</strong></span> <span class='ocrx_word' id='word_1_57' title='bbox 1598 1159 1663 1208; x_wconf 92' lang='lat' dir='ltr'><strong>et</strong></span> <span class='ocrx_word' id='word_1_58' title='bbox 1709 1150 1911 1210; x_wconf 85' lang='lat' dir='ltr'><strong>Diom.</strong></span> <span class='ocrx_word' id='word_1_59' title='bbox 1955 1170 2014 1226; x_wconf 92' lang='lat' dir='ltr'><strong>p.</strong></span> <span class='ocrx_word' id='word_1_60' title='bbox 2046 1153 2188 1218; x_wconf 86' lang='lat'>345,</span> <span class='ocrx_word' id='word_1_61' title='bbox 2224 1151 2465 1208; x_wconf 86' lang='lat'>15—-25</span> <span class='ocrx_word' id='word_1_62' title='bbox 2508 1169 2583 1197; x_wconf 63' lang='grc' dir='ltr'>ε</span> <span class='ocrx_word' id='word_1_63' title='bbox 2626 1148 2785 1206; x_wconf 90' lang='lat' dir='ltr'><strong>Don.</strong></span> 
     </span>
     <span class='ocr_line' id='line_1_8' title="bbox 485 1246 2786 1329; baseline -0.003 -17"><span class='ocrx_word' id='word_1_64' title='bbox 485 1270 545 1326; x_wconf 86' lang='lat' dir='ltr'><strong>p.</strong></span> <span class='ocrx_word' id='word_1_65' title='bbox 594 1253 735 1328; x_wconf 89' lang='grc'><strong>381,</strong></span> <span class='ocrx_word' id='word_1_66' title='bbox 785 1256 866 1313; x_wconf 86' lang='grc'><strong>30</strong></span> <span class='ocrx_word' id='word_1_67' title='bbox 917 1261 978 1315; x_wconf 87' lang='grc' dir='ltr'><strong>-Ι-</strong></span> <span class='ocrx_word' id='word_1_68' title='bbox 1037 1255 1178 1324; x_wconf 86' lang='grc'><strong>382,</strong></span> <span class='ocrx_word' id='word_1_69' title='bbox 1223 1246 1431 1329; x_wconf 85' lang='grc'><strong>2-6).</strong></span> <span class='ocrx_word' id='word_1_70' title='bbox 1519 1253 1733 1327; x_wconf 89' lang='lat' dir='ltr'><strong>Itaque</strong></span> <span class='ocrx_word' id='word_1_71' title='bbox 1792 1253 1973 1310; x_wconf 88' lang='lat' dir='ltr'><strong>aliam</strong></span> <span class='ocrx_word' id='word_1_72' title='bbox 2034 1252 2369 1309; x_wconf 87' lang='lat' dir='ltr'><strong>dictionem</strong></span> <span class='ocrx_word' id='word_1_73' title='bbox 2424 1251 2590 1326; x_wconf 88' lang='lat' dir='ltr'><strong>apud</strong></span> <span class='ocrx_word' id='word_1_74' title='bbox 2636 1250 2786 1307; x_wconf 92' lang='lat' dir='ltr'><strong>Dio-</strong></span> 
     </span>
     <span class='ocr_line' id='line_1_9' title="bbox 402 1351 2787 1430; baseline -0.003 -17"><span class='ocrx_word' id='word_1_75' title='bbox 402 1405 408 1413; x_wconf 93' lang='lat'><strong>.</strong></span> <span class='ocrx_word' id='word_1_76' title='bbox 483 1355 733 1412; x_wconf 83' lang='lat' dir='ltr'><strong>medem</strong></span> <span class='ocrx_word' id='word_1_77' title='bbox 801 1354 1334 1430; x_wconf 61' lang='lat' dir='ltr'><strong>deprehendimus»,</strong></span> <span class='ocrx_word' id='word_1_78' title='bbox 1392 1354 1495 1411; x_wconf 92' lang='lat' dir='ltr'><strong>ubi</strong></span> <span class='ocrx_word' id='word_1_79' title='bbox 1541 1371 1678 1412; x_wconf 90' lang='lat' dir='ltr'><strong>cum</strong></span> <span class='ocrx_word' id='word_1_80' title='bbox 1717 1353 1969 1411; x_wconf 88' lang='lat' dir='ltr'><strong>Donato</strong></span> <span class='ocrx_word' id='word_1_81' title='bbox 2018 1353 2314 1427; x_wconf 87' lang='lat' dir='ltr'><strong>congruit,</strong></span> <span class='ocrx_word' id='word_1_82' title='bbox 2361 1360 2545 1428; x_wconf 88' lang='lat' dir='ltr'><strong>atque</strong></span> <span class='ocrx_word' id='word_1_83' title='bbox 2587 1351 2646 1408; x_wconf 91' lang='lat' dir='ltr'><strong>in</strong></span> <span class='ocrx_word' id='word_1_84' title='bbox 2692 1369 2787 1407; x_wconf 88' lang='lat' dir='ltr'><strong>re·</strong></span> 
     </span>
     <span class='ocr_line' id='line_1_10' title="bbox 486 1453 2788 1530; baseline 0 -20"><span class='ocrx_word' id='word_1_85' title='bbox 486 1454 665 1530; x_wconf 87' lang='lat' dir='ltr'><strong>liquis</strong></span> <span class='ocrx_word' id='word_1_86' title='bbox 731 1455 1023 1530; x_wconf 82' lang='lat' dir='ltr'><strong>partibus,</strong></span> <span class='ocrx_word' id='word_1_87' title='bbox 1109 1454 1436 1513; x_wconf 86' lang='lat' dir='ltr'><strong>Praeterea</strong></span> <span class='ocrx_word' id='word_1_88' title='bbox 1497 1473 1636 1513; x_wconf 91' lang='lat' dir='ltr'><strong>cum</strong></span> <span class='ocrx_word' id='word_1_89' title='bbox 1691 1454 1944 1513; x_wconf 88' lang='lat' dir='ltr'><strong>Donato</strong></span> <span class='ocrx_word' id='word_1_90' title='bbox 2002 1454 2397 1511; x_wconf 86' lang='lat' dir='ltr'><strong>consentiunt</strong></span> <span class='ocrx_word' id='word_1_91' title='bbox 2453 1453 2637 1511; x_wconf 89' lang='lat' dir='ltr'><strong>haec:</strong></span> <span class='ocrx_word' id='word_1_92' title='bbox 2706 1453 2788 1510; x_wconf 88' lang='lat' dir='ltr'><strong>de</strong></span> 
     </span>
     <span class='ocr_line' id='line_1_11' title="bbox 483 1547 1225 1632; baseline 0.001 -21"><span class='ocrx_word' id='word_1_93' title='bbox 483 1555 686 1612; x_wconf 92' lang='lat' dir='ltr'><strong>uerbis</strong></span> <span class='ocrx_word' id='word_1_94' title='bbox 731 1547 1225 1632; x_wconf 61' lang='lat' dir='ltr'><strong>impersonalibus</strong></span> 
     </span>
    </p>

    <p class='ocr_par' dir='ltr' id='par_1_3' title="bbox 685 1657 2661 1746">
     <span class='ocr_line' id='line_1_12' title="bbox 685 1657 2661 1746; baseline 0.001 -32"><span class='ocrx_word' id='word_1_95' title='bbox 685 1657 888 1718; x_wconf 90' lang='lat' dir='ltr'><strong>Diom.</strong></span> <span class='ocrx_word' id='word_1_96' title='bbox 935 1676 992 1733; x_wconf 90' lang='lat' dir='ltr'><strong>p.</strong></span> <span class='ocrx_word' id='word_1_97' title='bbox 1039 1660 1180 1730; x_wconf 88' lang='grc'><strong>397,</strong></span> <span class='ocrx_word' id='word_1_98' title='bbox 1227 1660 1472 1718; x_wconf 82' lang='grc'><strong>21-27</strong></span> <span class='ocrx_word' id='word_1_99' title='bbox 1645 1681 1728 1707; x_wconf 88' lang='lat'>=</span> <span class='ocrx_word' id='word_1_100' title='bbox 1775 1657 1936 1717; x_wconf 90' lang='lat' dir='ltr'><strong>Don.</strong></span> <span class='ocrx_word' id='word_1_101' title='bbox 1984 1675 2041 1732; x_wconf 93' lang='lat' dir='ltr'><strong>p.</strong></span> <span class='ocrx_word' id='word_1_102' title='bbox 2092 1659 2232 1728; x_wconf 85' lang='lat'>381,</span> <span class='ocrx_word' id='word_1_103' title='bbox 2286 1658 2532 1716; x_wconf 83' lang='lat'>22—26</span> <span class='ocrx_word' id='word_1_104' title='bbox 2652 1735 2661 1746; x_wconf 33' lang='lat'><em>⁶</em></span> 
     </span>
    </p>

    <p class='ocr_par' dir='ltr' id='par_1_4' title="bbox 787 1757 2549 1834">
     <span class='ocr_line' id='line_1_13' title="bbox 787 1757 2549 1834; baseline -0.002 -15"><span class='ocrx_word' id='word_1_105' title='bbox 787 1765 863 1827; x_wconf 82' lang='grc'><strong>,,’</strong></span> <span class='ocrx_word' id='word_1_106' title='bbox 941 1799 978 1828; x_wconf 88' lang='grc'><strong>,,</strong></span> <span class='ocrx_word' id='word_1_107' title='bbox 1009 1761 1172 1834; x_wconf 86' lang='grc'><strong>397,</strong></span> <span class='ocrx_word' id='word_1_108' title='bbox 1220 1761 1530 1833; x_wconf 87' lang='grc'><strong>32-398,</strong></span> <span class='ocrx_word' id='word_1_109' title='bbox 1577 1761 1718 1817; x_wconf 86' lang='lat'><strong>2=</strong></span> <span class='ocrx_word' id='word_1_110' title='bbox 1828 1801 1865 1827; x_wconf 89' lang='lat'><strong>,‚</strong></span> <span class='ocrx_word' id='word_1_111' title='bbox 1998 1800 2034 1827; x_wconf 90' lang='lat'>„</span> <span class='ocrx_word' id='word_1_112' title='bbox 2093 1757 2236 1832; x_wconf 85' lang='lat'>384,</span> <span class='ocrx_word' id='word_1_113' title='bbox 2286 1759 2549 1826; x_wconf 83' lang='lat'><strong>22-26,</strong></span> 
     </span>
    </p>

    <p class='ocr_par' dir='ltr' id='par_1_5' title="bbox 488 1859 1427 1941">
     <span class='ocr_line' id='line_1_14' title="bbox 488 1859 1427 1941; baseline -0.003 -22"><span class='ocrx_word' id='word_1_114' title='bbox 488 1863 570 1919; x_wconf 93' lang='lat' dir='ltr'><strong>de</strong></span> <span class='ocrx_word' id='word_1_115' title='bbox 616 1861 944 1941; x_wconf 60' lang='lat' dir='ltr'><strong>uerboran</strong></span> <span class='ocrx_word' id='word_1_116' title='bbox 985 1859 1427 1935; x_wconf 78' lang='lat' dir='ltr'><strong>,coniugatione</strong></span> 
     </span>
    </p>

    <p class='ocr_par' dir='ltr' id='par_1_6' title="bbox 489 1955 2785 2241">
     <span class='ocr_line' id='line_1_15' title="bbox 686 1955 2411 2036; baseline 0 -18"><span class='ocrx_word' id='word_1_117' title='bbox 686 1961 886 2019; x_wconf 90' lang='lat' dir='ltr'><strong>Diom.</strong></span> <span class='ocrx_word' id='word_1_118' title='bbox 930 1979 989 2036; x_wconf 88' lang='lat' dir='ltr'><strong>p.</strong></span> <span class='ocrx_word' id='word_1_119' title='bbox 1037 1962 1176 2036; x_wconf 85' lang='grc'><strong>347,</strong></span> <span class='ocrx_word' id='word_1_120' title='bbox 1223 1955 1473 2022; x_wconf 80' lang='lat'><strong>3—-361</strong></span> <span class='ocrx_word' id='word_1_121' title='bbox 1516 1984 1599 2010; x_wconf 92' lang='lat'><strong><em>=</em></strong></span> <span class='ocrx_word' id='word_1_122' title='bbox 1645 1960 1807 2020; x_wconf 90' lang='lat' dir='ltr'><strong>Don.</strong></span> <span class='ocrx_word' id='word_1_123' title='bbox 1855 1978 1913 2035; x_wconf 88' lang='lat' dir='ltr'><strong>p.</strong></span> <span class='ocrx_word' id='word_1_124' title='bbox 1963 1961 2102 2035; x_wconf 89' lang='lat'>382,</span> <span class='ocrx_word' id='word_1_125' title='bbox 2148 1961 2411 2020; x_wconf 85' lang='lat'><strong>10—34.</strong></span> 
     </span>
     <span class='ocr_line' id='line_1_16' title="bbox 497 2049 2785 2137; baseline 0 -17"><span class='ocrx_word' id='word_1_126' title='bbox 497 2064 592 2120; x_wconf 92' lang='lat' dir='ltr'><strong>De</strong></span> <span class='ocrx_word' id='word_1_127' title='bbox 651 2049 973 2121; x_wconf 73' lang='lat' dir='ltr'><strong>consensu&#39;</strong></span> <span class='ocrx_word' id='word_1_128' title='bbox 1015 2065 1340 2120; x_wconf 87' lang='lat' dir='ltr'><strong>uerborum</strong></span> <span class='ocrx_word' id='word_1_129' title='bbox 1402 2080 1540 2121; x_wconf 90' lang='lat' dir='ltr'><strong>cum</strong></span> <span class='ocrx_word' id='word_1_130' title='bbox 1601 2063 1847 2120; x_wconf 83' lang='lat' dir='ltr'><strong>casibus</strong></span> <span class='ocrx_word' id='word_1_131' title='bbox 1905 2062 2189 2119; x_wconf 88' lang='lat' dir='ltr'><strong>Donatus</strong></span> <span class='ocrx_word' id='word_1_132' title='bbox 2242 2081 2305 2137; x_wconf 92' lang='lat' dir='ltr'><strong>p.</strong></span> <span class='ocrx_word' id='word_1_133' title='bbox 2352 2064 2492 2131; x_wconf 89' lang='grc'><strong>384,</strong></span> <span class='ocrx_word' id='word_1_134' title='bbox 2544 2063 2785 2122; x_wconf 83' lang='grc'><strong>18--22</strong></span> 
     </span>
     <span class='ocr_line' id='line_1_17' title="bbox 489 2147 2420 2241; baseline 0 -19"><span class='ocrx_word' id='word_1_135' title='bbox 489 2147 642 2241; x_wconf 84' lang='lat' dir='ltr'><strong>agit;</strong></span> <span class='ocrx_word' id='word_1_136' title='bbox 690 2165 946 2240; x_wconf 89' lang='lat' dir='ltr'><strong>primum</strong></span> <span class='ocrx_word' id='word_1_137' title='bbox 989 2165 1366 2223; x_wconf 88' lang='lat' dir='ltr'><strong>enuntiatum</strong></span> <span class='ocrx_word' id='word_1_138' title='bbox 1413 2164 1751 2222; x_wconf 89' lang='lat' dir='ltr'><strong>Diomedes</strong></span> <span class='ocrx_word' id='word_1_139' title='bbox 1796 2182 1855 2240; x_wconf 92' lang='lat' dir='ltr'><strong>p.</strong></span> <span class='ocrx_word' id='word_1_140' title='bbox 1905 2166 2044 2232; x_wconf 89' lang='grc'><strong>311,</strong></span> <span class='ocrx_word' id='word_1_141' title='bbox 2092 2167 2122 2223; x_wconf 94' lang='grc'><strong>1</strong></span> <span class='ocrx_word' id='word_1_142' title='bbox 2175 2164 2360 2221; x_wconf 84' lang='lat' dir='ltr'><strong>tradit</strong></span> <span class='ocrx_word' id='word_1_143' title='bbox 2376 2159 2420 2222; x_wconf 81' lang='lat'><strong>2.</strong></span> 
     </span>
    </p>

    <p class='ocr_par' dir='ltr' id='par_1_7' title="bbox 439 2265 2799 3451">
     <span class='ocr_line' id='line_1_18' title="bbox 694 2265 2786 2342; baseline 0 -20"><span class='ocrx_word' id='word_1_144' title='bbox 694 2265 1016 2324; x_wconf 88' lang='lat' dir='ltr'><strong>Decimum</strong></span> <span class='ocrx_word' id='word_1_145' title='bbox 1047 2273 1231 2342; x_wconf 90' lang='lat' dir='ltr'><strong>caput</strong></span> <span class='ocrx_word' id='word_1_146' title='bbox 1262 2265 1493 2323; x_wconf 90' lang='lat' dir='ltr'><strong>Donati</strong></span> <span class='ocrx_word' id='word_1_147' title='bbox 1537 2275 1632 2324; x_wconf 88' lang='lat' dir='ltr'><strong>est</strong></span> <span class='ocrx_word' id='word_1_148' title='bbox 1667 2266 1773 2322; x_wconf 89' lang='lat' dir='ltr'><strong>De</strong></span> <span class='ocrx_word' id='word_1_149' title='bbox 1818 2265 2181 2323; x_wconf 87' lang='lat' dir='ltr'><strong>aduerbio</strong></span> <span class='ocrx_word' id='word_1_150' title='bbox 2229 2283 2284 2340; x_wconf 91' lang='lat' dir='ltr'><strong>p.</strong></span> <span class='ocrx_word' id='word_1_151' title='bbox 2310 2267 2449 2338; x_wconf 85' lang='lat'><strong>385,</strong></span> <span class='ocrx_word' id='word_1_152' title='bbox 2478 2265 2786 2336; x_wconf 84' lang='grc'><strong>11-387,</strong></span> 
     </span>
     <span class='ocr_line' id='line_1_19' title="bbox 492 2354 2783 2441; baseline -0.001 -15"><span class='ocrx_word' id='word_1_153' title='bbox 492 2354 584 2426; x_wconf 82' lang='grc'><strong>16.</strong></span> <span class='ocrx_word' id='word_1_154' title='bbox 655 2366 753 2423; x_wconf 92' lang='lat' dir='ltr'><strong>De</strong></span> <span class='ocrx_word' id='word_1_155' title='bbox 800 2365 1342 2441; x_wconf 84' lang='lat' dir='ltr'><strong>significationibus</strong></span> <span class='ocrx_word' id='word_1_156' title='bbox 1377 2367 1807 2424; x_wconf 89' lang='lat' dir='ltr'><strong>aduerbiorum</strong></span> <span class='ocrx_word' id='word_1_157' title='bbox 1838 2367 2059 2424; x_wconf 88' lang='lat' dir='ltr'><strong>eadem</strong></span> <span class='ocrx_word' id='word_1_158' title='bbox 2090 2366 2257 2441; x_wconf 89' lang='lat' dir='ltr'><strong>apud</strong></span> <span class='ocrx_word' id='word_1_159' title='bbox 2290 2366 2657 2423; x_wconf 85' lang='lat' dir='ltr'><strong>Diomedem</strong></span> <span class='ocrx_word' id='word_1_160' title='bbox 2698 2361 2783 2440; x_wconf 90' lang='lat' dir='ltr'><strong>(p.</strong></span> 
     </span>
     <span class='ocr_line' id='line_1_20' title="bbox 487 2451 2799 2552; baseline -0.003 -24"><span class='ocrx_word' id='word_1_161' title='bbox 487 2451 628 2538; x_wconf 85' lang='grc'><strong>404,</strong></span> <span class='ocrx_word' id='word_1_162' title='bbox 677 2463 908 2544; x_wconf 80' lang='grc'><strong>3--32)</strong></span> <span class='ocrx_word' id='word_1_163' title='bbox 954 2477 1144 2544; x_wconf 87' lang='lat' dir='ltr'><strong>atque</strong></span> <span class='ocrx_word' id='word_1_164' title='bbox 1189 2467 1355 2543; x_wconf 83' lang='lat' dir='ltr'><strong>apud</strong></span> <span class='ocrx_word' id='word_1_165' title='bbox 1411 2469 1727 2526; x_wconf 89' lang='lat' dir='ltr'><strong>Donatum</strong></span> <span class='ocrx_word' id='word_1_166' title='bbox 1760 2465 1841 2543; x_wconf 87' lang='lat' dir='ltr'><strong>(p.</strong></span> <span class='ocrx_word' id='word_1_167' title='bbox 1877 2469 2017 2544; x_wconf 85' lang='lat'><strong>386,</strong></span> <span class='ocrx_word' id='word_1_168' title='bbox 2067 2464 2297 2542; x_wconf 82' lang='lat'>7—22)</span> <span class='ocrx_word' id='word_1_169' title='bbox 2327 2469 2627 2552; x_wconf 85' lang='lat' dir='ltr'><strong>leguntur,</strong></span> <span class='ocrx_word' id='word_1_170' title='bbox 2672 2465 2799 2523; x_wconf 79' lang='lat' dir='ltr'><strong>nisi&#39;</strong></span> 
     </span>
     <span class='ocr_line' id='line_1_21' title="bbox 487 2562 2787 2645; baseline 0 -23"><span class='ocrx_word' id='word_1_171' title='bbox 487 2567 655 2640; x_wconf 92' lang='lat' dir='ltr'><strong>quod</strong></span> <span class='ocrx_word' id='word_1_172' title='bbox 704 2584 766 2642; x_wconf 89' lang='lat' dir='ltr'><strong>p.</strong></span> <span class='ocrx_word' id='word_1_173' title='bbox 816 2567 956 2645; x_wconf 87' lang='lat'>404,</span> <span class='ocrx_word' id='word_1_174' title='bbox 991 2570 1082 2626; x_wconf 91' lang='grc'><strong>17.</strong></span> <span class='ocrx_word' id='word_1_175' title='bbox 1131 2569 1205 2626; x_wconf 93' lang='grc'><strong>18</strong></span> <span class='ocrx_word' id='word_1_176' title='bbox 1247 2585 1281 2623; x_wconf 94' lang='lat' dir='ltr'><strong>e</strong></span> <span class='ocrx_word' id='word_1_177' title='bbox 1328 2567 1700 2626; x_wconf 78' lang='lat' dir='ltr'><strong>Palaemone</strong></span> <span class='ocrx_word' id='word_1_178' title='bbox 1739 2562 1838 2641; x_wconf 88' lang='lat' dir='ltr'><strong>(cf.</strong></span> <span class='ocrx_word' id='word_1_179' title='bbox 1864 2565 2094 2626; x_wconf 79' lang='lat' dir='ltr'><strong>Charis,</strong></span> <span class='ocrx_word' id='word_1_180' title='bbox 2120 2585 2177 2642; x_wconf 89' lang='lat' dir='ltr'><strong>p.</strong></span> <span class='ocrx_word' id='word_1_181' title='bbox 2206 2569 2344 2640; x_wconf 84' lang='grc'><strong>189,</strong></span> <span class='ocrx_word' id='word_1_182' title='bbox 2376 2570 2427 2627; x_wconf 87' lang='grc'><strong>1.</strong></span> <span class='ocrx_word' id='word_1_183' title='bbox 2454 2562 2519 2644; x_wconf 90' lang='grc'><strong>2)</strong></span> <span class='ocrx_word' id='word_1_184' title='bbox 2546 2576 2787 2642; x_wconf 88' lang='lat' dir='ltr'><strong>sumpta</strong></span> 
     </span>
     <span class='ocr_line' id='line_1_22' title="bbox 488 2666 2786 2743; baseline 0 -20"><span class='ocrx_word' id='word_1_185' title='bbox 488 2675 644 2728; x_wconf 83' lang='lat' dir='ltr'><strong>sunt.</strong></span> <span class='ocrx_word' id='word_1_186' title='bbox 728 2666 1080 2725; x_wconf 81' lang='lat' dir='ltr'><strong>Diomedes</strong></span> <span class='ocrx_word' id='word_1_187' title='bbox 1149 2669 1260 2725; x_wconf 89' lang='lat' dir='ltr'><strong>sub</strong></span> <span class='ocrx_word' id='word_1_188' title='bbox 1327 2685 1697 2743; x_wconf 88' lang='lat' dir='ltr'><strong>unaquaque</strong></span> <span class='ocrx_word' id='word_1_189' title='bbox 1761 2667 2204 2743; x_wconf 86' lang='lat' dir='ltr'><strong>significatione</strong></span> <span class='ocrx_word' id='word_1_190' title='bbox 2266 2669 2454 2725; x_wconf 91' lang='lat' dir='ltr'><strong>multa</strong></span> <span class='ocrx_word' id='word_1_191' title='bbox 2505 2669 2786 2743; x_wconf 89' lang='lat' dir='ltr'><strong>exempla</strong></span> 
     </span>
     <span class='ocr_line' id='line_1_23' title="bbox 488 2767 2785 2844; baseline 0.001 -20"><span class='ocrx_word' id='word_1_192' title='bbox 488 2777 826 2841; x_wconf 87' lang='lat' dir='ltr'><strong>enumera-t,</strong></span> <span class='ocrx_word' id='word_1_193' title='bbox 899 2768 1182 2826; x_wconf 85' lang='lat' dir='ltr'><strong>Donatus</strong></span> <span class='ocrx_word' id='word_1_194' title='bbox 1243 2769 1598 2844; x_wconf 86' lang='lat' dir='ltr'><strong>plerumque</strong></span> <span class='ocrx_word' id='word_1_195' title='bbox 1657 2787 1841 2827; x_wconf 87' lang='lat' dir='ltr'><strong>unum</strong></span> <span class='ocrx_word' id='word_1_196' title='bbox 1901 2776 2139 2827; x_wconf 90' lang='lat' dir='ltr'><strong>tantum</strong></span> <span class='ocrx_word' id='word_1_197' title='bbox 2200 2767 2463 2827; x_wconf 88' lang='lat' dir='ltr'><strong>exhibet.</strong></span> <span class='ocrx_word' id='word_1_198' title='bbox 2552 2767 2785 2826; x_wconf 88' lang='lat' dir='ltr'><strong>Ordine</strong></span> 
     </span>
     <span class='ocr_line' id='line_1_24' title="bbox 476 2869 2782 2946; baseline 0 -21"><span class='ocrx_word' id='word_1_199' title='bbox 476 2884 613 2936; x_wconf 73' lang='lat' dir='ltr'><strong>&#39;non</strong></span> <span class='ocrx_word' id='word_1_200' title='bbox 657 2869 882 2926; x_wconf 87' lang='lat' dir='ltr'><strong>eodem</strong></span> <span class='ocrx_word' id='word_1_201' title='bbox 929 2877 1198 2944; x_wconf 91' lang='lat' dir='ltr'><strong>utuntur,</strong></span> <span class='ocrx_word' id='word_1_202' title='bbox 1245 2887 1366 2946; x_wconf 93' lang='lat' dir='ltr'><strong>qua</strong></span> <span class='ocrx_word' id='word_1_203' title='bbox 1406 2871 1465 2926; x_wconf 93' lang='lat' dir='ltr'><strong>in</strong></span> <span class='ocrx_word' id='word_1_204' title='bbox 1507 2888 1572 2927; x_wconf 87' lang='lat' dir='ltr'><strong>re</strong></span> <span class='ocrx_word' id='word_1_205' title='bbox 1603 2870 1919 2928; x_wconf 87' lang='lat' dir='ltr'><strong>Donatum</strong></span> <span class='ocrx_word' id='word_1_206' title='bbox 1958 2879 2229 2927; x_wconf 84' lang='lat' dir='ltr'><strong>mutasse</strong></span> <span class='ocrx_word' id='word_1_207' title='bbox 2274 2877 2442 2946; x_wconf 81' lang='lat' dir='ltr'><strong>puto,</strong></span> <span class='ocrx_word' id='word_1_208' title='bbox 2534 2869 2631 2926; x_wconf 92' lang='lat' dir='ltr'><strong>De</strong></span> <span class='ocrx_word' id='word_1_209' title='bbox 2677 2871 2782 2927; x_wconf 85' lang='lat' dir='ltr'><strong>ad-</strong></span> 
     </span>
     <span class='ocr_line' id='line_1_25' title="bbox 487 2969 2782 3047; baseline -0 -21"><span class='ocrx_word' id='word_1_210' title='bbox 487 2969 710 3026; x_wconf 89' lang='lat' dir='ltr'><strong>uerbiis</strong></span> <span class='ocrx_word' id='word_1_211' title='bbox 767 2969 887 3026; x_wconf 91' lang='lat' dir='ltr'><strong>loci</strong></span> <span class='ocrx_word' id='word_1_212' title='bbox 945 2970 1248 3045; x_wconf 91' lang='lat' dir='ltr'><strong>copiosius</strong></span> <span class='ocrx_word' id='word_1_213' title='bbox 1309 2978 1563 3047; x_wconf 90' lang='lat' dir='ltr'><strong>uterque</strong></span> <span class='ocrx_word' id='word_1_214' title='bbox 1617 2971 1911 3028; x_wconf 85' lang='lat' dir='ltr'><strong>absolutis</strong></span> <span class='ocrx_word' id='word_1_215' title='bbox 1974 2971 2219 3045; x_wconf 89' lang='lat' dir='ltr'><strong>reliquis</strong></span> <span class='ocrx_word' id='word_1_216' title='bbox 2283 2971 2432 3046; x_wconf 87' lang='lat' dir='ltr'><strong>agit,</strong></span> <span class='ocrx_word' id='word_1_217' title='bbox 2499 2969 2782 3028; x_wconf 88' lang='lat' dir='ltr'><strong>Donatus</strong></span> 
     </span>
     <span class='ocr_line' id='line_1_26' title="bbox 487 3070 2777 3147; baseline 0.002 -21"><span class='ocrx_word' id='word_1_218' title='bbox 487 3071 704 3128; x_wconf 87' lang='lat' dir='ltr'><strong>iterum</strong></span> <span class='ocrx_word' id='word_1_219' title='bbox 752 3071 832 3127; x_wconf 91' lang='lat' dir='ltr'><strong>de</strong></span> <span class='ocrx_word' id='word_1_220' title='bbox 871 3072 1100 3128; x_wconf 76' lang='lat' dir='ltr'><strong>eadem</strong></span> <span class='ocrx_word' id='word_1_221' title='bbox 1144 3086 1224 3131; x_wconf 64' lang='lat' dir='ltr'><strong>re.</strong></span> <span class='ocrx_word' id='word_1_222' title='bbox 1289 3102 1368 3110; x_wconf 94' lang='lat'><strong>—</strong></span> <span class='ocrx_word' id='word_1_223' title='bbox 1437 3070 1596 3129; x_wconf 90' lang='lat' dir='ltr'><strong>Num</strong></span> <span class='ocrx_word' id='word_1_224' title='bbox 1639 3071 1963 3129; x_wconf 86' lang='lat' dir='ltr'><strong>Diomedis</strong></span> <span class='ocrx_word' id='word_1_225' title='bbox 2007 3071 2199 3129; x_wconf 90' lang='lat' dir='ltr'><strong>uerba</strong></span> <span class='ocrx_word' id='word_1_226' title='bbox 2240 3089 2299 3147; x_wconf 92' lang='lat' dir='ltr'><strong>p.</strong></span> <span class='ocrx_word' id='word_1_227' title='bbox 2345 3073 2486 3141; x_wconf 88' lang='lat'>405,</span> <span class='ocrx_word' id='word_1_228' title='bbox 2534 3074 2777 3132; x_wconf 86' lang='lat'>13—16</span> 
     </span>
     <span class='ocr_line' id='line_1_27' title="bbox 489 3172 2782 3247; baseline 0 -19"><span class='ocrx_word' id='word_1_229' title='bbox 489 3173 571 3228; x_wconf 89' lang='lat' dir='ltr'><strong>ad</strong></span> <span class='ocrx_word' id='word_1_230' title='bbox 614 3173 1006 3247; x_wconf 88' lang='lat' dir='ltr'><strong>Anonymum</strong></span> <span class='ocrx_word' id='word_1_231' title='bbox 1050 3172 1376 3232; x_wconf 87' lang='lat' dir='ltr'><strong>referenda</strong></span> <span class='ocrx_word' id='word_1_232' title='bbox 1421 3174 1564 3243; x_wconf 90' lang='lat' dir='ltr'><strong>sint,</strong></span> <span class='ocrx_word' id='word_1_233' title='bbox 1611 3174 1999 3232; x_wconf 88' lang='lat' dir='ltr'><strong>dubitatione</strong></span> <span class='ocrx_word' id='word_1_234' title='bbox 2043 3192 2167 3231; x_wconf 91' lang='lat' dir='ltr'><strong>non</strong></span> <span class='ocrx_word' id='word_1_235' title='bbox 2212 3182 2404 3242; x_wconf 83' lang='lat' dir='ltr'><strong>caret3</strong></span> <span class='ocrx_word' id='word_1_236' title='bbox 2450 3191 2594 3230; x_wconf 91' lang='lat' dir='ltr'><strong>nam</strong></span> <span class='ocrx_word' id='word_1_237' title='bbox 2640 3189 2782 3228; x_wconf 89' lang='lat' dir='ltr'><strong>con-</strong></span> 
     </span>
     <span class='ocr_line' id='line_1_28' title="bbox 439 3257 2783 3350; baseline -0.002 -16"><span class='ocrx_word' id='word_1_238' title='bbox 439 3329 442 3334; x_wconf 91' lang='lat'><strong>.</strong></span> <span class='ocrx_word' id='word_1_239' title='bbox 491 3257 708 3331; x_wconf 85' lang='lat' dir='ltr'><strong>sensus</strong></span> <span class='ocrx_word' id='word_1_240' title='bbox 753 3274 931 3332; x_wconf 90' lang='lat' dir='ltr'><strong>huius</strong></span> <span class='ocrx_word' id='word_1_241' title='bbox 977 3274 1314 3350; x_wconf 87' lang='lat' dir='ltr'><strong>particulae</strong></span> <span class='ocrx_word' id='word_1_242' title='bbox 1359 3292 1496 3333; x_wconf 90' lang='lat' dir='ltr'><strong>cum</strong></span> <span class='ocrx_word' id='word_1_243' title='bbox 1543 3275 1795 3332; x_wconf 92' lang='lat' dir='ltr'><strong>Donato</strong></span> <span class='ocrx_word' id='word_1_244' title='bbox 1840 3271 1925 3350; x_wconf 90' lang='lat' dir='ltr'><strong>(p.</strong></span> <span class='ocrx_word' id='word_1_245' title='bbox 1976 3277 2115 3346; x_wconf 90' lang='grc'><strong>387,</strong></span> <span class='ocrx_word' id='word_1_246' title='bbox 2159 3273 2390 3343; x_wconf 83' lang='lat'><strong>9—13)</strong></span> <span class='ocrx_word' id='word_1_247' title='bbox 2452 3291 2579 3331; x_wconf 90' lang='lat' dir='ltr'><strong>non</strong></span> <span class='ocrx_word' id='word_1_248' title='bbox 2624 3274 2783 3330; x_wconf 88' lang='lat' dir='ltr'><strong>adeo</strong></span> 
     </span>
     <span class='ocr_line' id='line_1_29' title="bbox 494 3374 2524 3451; baseline 0.001 -22"><span class='ocrx_word' id='word_1_249' title='bbox 494 3383 811 3433; x_wconf 86' lang='lat' dir='ltr'><strong>accuratus</strong></span> <span class='ocrx_word' id='word_1_250' title='bbox 857 3383 970 3435; x_wconf 90' lang='lat' dir='ltr'><strong>est.</strong></span> <span class='ocrx_word' id='word_1_251' title='bbox 1065 3374 1388 3451; x_wconf 84' lang='lat' dir='ltr'><strong>Praeterea</strong></span> <span class='ocrx_word' id='word_1_252' title='bbox 1433 3393 1572 3432; x_wconf 90' lang='lat' dir='ltr'><strong>cum</strong></span> <span class='ocrx_word' id='word_1_253' title='bbox 1610 3376 1861 3433; x_wconf 90' lang='lat' dir='ltr'><strong>Donato</strong></span> <span class='ocrx_word' id='word_1_254' title='bbox 1902 3376 2059 3434; x_wconf 90' lang='lat' dir='ltr'><strong>haec</strong></span> <span class='ocrx_word' id='word_1_255' title='bbox 2103 3377 2524 3434; x_wconf 87' lang='lat' dir='ltr'><strong>consentiunt:</strong></span> 
     </span>
    </p>

    <p class='ocr_par' dir='ltr' id='par_1_8' title="bbox 689 3473 2442 3553">
     <span class='ocr_line' id='line_1_30' title="bbox 689 3473 2442 3553; baseline 0.001 -21"><span class='ocrx_word' id='word_1_256' title='bbox 689 3476 890 3537; x_wconf 90' lang='lat' dir='ltr'><strong>Diom.</strong></span> <span class='ocrx_word' id='word_1_257' title='bbox 934 3496 993 3553; x_wconf 94' lang='lat' dir='ltr'><strong>p.</strong></span> <span class='ocrx_word' id='word_1_258' title='bbox 1041 3479 1184 3552; x_wconf 89' lang='grc'><strong>405,</strong></span> <span class='ocrx_word' id='word_1_259' title='bbox 1231 3479 1476 3536; x_wconf 92' lang='grc'><strong>20-27</strong></span> <span class='ocrx_word' id='word_1_260' title='bbox 1520 3499 1603 3525; x_wconf 87' lang='lat'><strong><em>=</em></strong></span> <span class='ocrx_word' id='word_1_261' title='bbox 1649 3477 1810 3536; x_wconf 93' lang='lat' dir='ltr'><strong>Don.</strong></span> <span class='ocrx_word' id='word_1_262' title='bbox 1854 3495 1911 3553; x_wconf 92' lang='lat' dir='ltr'><strong>p.</strong></span> <span class='ocrx_word' id='word_1_263' title='bbox 1958 3479 2094 3545; x_wconf 84' lang='lat'><strong>386,</strong></span> <span class='ocrx_word' id='word_1_264' title='bbox 2144 3476 2390 3536; x_wconf 86' lang='grc'><strong>25-33</strong></span> <span class='ocrx_word' id='word_1_265' title='bbox 2418 3473 2442 3514; x_wconf 78' lang='grc'><strong>3</strong></span> 
     </span>
    </p>

    <p class='ocr_par' dir='ltr' id='par_1_9' title="bbox 751 3579 2374 3767">
     <span class='ocr_line' id='line_1_31' title="bbox 790 3579 2299 3656; baseline -0.001 -18"><span class='ocrx_word' id='word_1_266' title='bbox 790 3623 826 3653; x_wconf 90' lang='grc'><strong>,,</strong></span> <span class='ocrx_word' id='word_1_267' title='bbox 956 3623 989 3656; x_wconf 93' lang='grc'><strong>,,</strong></span> <span class='ocrx_word' id='word_1_268' title='bbox 1043 3580 1185 3652; x_wconf 87' lang='grc'><strong>405,</strong></span> <span class='ocrx_word' id='word_1_269' title='bbox 1234 3580 1479 3638; x_wconf 84' lang='grc'><strong>28--34</strong></span> <span class='ocrx_word' id='word_1_270' title='bbox 1523 3599 1608 3626; x_wconf 77' lang='lat'>=</span> <span class='ocrx_word' id='word_1_271' title='bbox 1716 3623 1752 3655; x_wconf 89' lang='lat'><strong>„</strong></span> <span class='ocrx_word' id='word_1_272' title='bbox 1863 3623 1899 3655; x_wconf 90' lang='lat'><strong>,‚</strong></span> <span class='ocrx_word' id='word_1_273' title='bbox 1950 3579 2089 3651; x_wconf 89' lang='grc'><strong>387,</strong></span> <span class='ocrx_word' id='word_1_274' title='bbox 2136 3580 2299 3637; x_wconf 86' lang='grc'><strong>4-9</strong></span> 
     </span>
     <span class='ocr_line' id='line_1_32' title="bbox 751 3679 2374 3767; baseline -0.001 -30"><span class='ocrx_word' id='word_1_275' title='bbox 751 3722 827 3767; x_wconf 31' lang='grc'><strong>0,,</strong></span> <span class='ocrx_word' id='word_1_276' title='bbox 956 3723 992 3755; x_wconf 93' lang='grc'><strong>,,</strong></span> <span class='ocrx_word' id='word_1_277' title='bbox 1039 3681 1178 3753; x_wconf 88' lang='grc'><strong>406,</strong></span> <span class='ocrx_word' id='word_1_278' title='bbox 1235 3681 1393 3739; x_wconf 89' lang='grc'><strong>1-3</strong></span> <span class='ocrx_word' id='word_1_279' title='bbox 1522 3698 1606 3724; x_wconf 86' lang='lat'><strong><em>=</em></strong></span> <span class='ocrx_word' id='word_1_280' title='bbox 1712 3723 1746 3755; x_wconf 88' lang='lat'>„</span> <span class='ocrx_word' id='word_1_281' title='bbox 1858 3724 1893 3754; x_wconf 90' lang='lat'>„</span> <span class='ocrx_word' id='word_1_282' title='bbox 1940 3680 2079 3746; x_wconf 89' lang='grc'><strong>387,</strong></span> <span class='ocrx_word' id='word_1_283' title='bbox 2129 3679 2374 3736; x_wconf 88' lang='grc'><strong>13-16</strong></span> 
     </span>
    </p>
   </div>
   <div class='ocr_carea' id='block_1_3' title="bbox 497 3807 890 3819">
    <p class='ocr_par' dir='ltr' id='par_1_10' title="bbox 497 3807 890 3819">
     <span class='ocr_line' id='line_1_33' title="bbox 497 3807 890 3819; baseline 0 1398"><span class='ocrx_word' id='word_1_284' title='bbox 497 3807 890 3819; x_wconf 95' lang='lat' dir='ltr'><strong> </strong></span> 
     </span>
    </p>
   </div>
   <div class='ocr_carea' id='block_1_4' title="bbox 480 3861 2783 4549">
    <p class='ocr_par' dir='ltr' id='par_1_11' title="bbox 480 3861 2777 4024">
     <span class='ocr_line' id='line_1_34' title="bbox 617 3861 2777 3935; baseline 0.001 -19"><span class='ocrx_word' id='word_1_285' title='bbox 617 3915 626 3922; x_wconf 83' lang='grc'><strong>,</strong></span> <span class='ocrx_word' id='word_1_286' title='bbox 695 3861 716 3899; x_wconf 91' lang='lat'><strong>1</strong></span> <span class='ocrx_word' id='word_1_287' title='bbox 752 3867 898 3931; x_wconf 80' lang='lat' dir='ltr'><strong>Quae</strong></span> <span class='ocrx_word' id='word_1_288' title='bbox 935 3871 1250 3933; x_wconf 87' lang='lat' dir='ltr'><strong>praecedunt</strong></span> <span class='ocrx_word' id='word_1_289' title='bbox 1286 3869 1583 3920; x_wconf 84' lang='lat' dir='ltr'><strong>Cominiani</strong></span> <span class='ocrx_word' id='word_1_290' title='bbox 1623 3876 1743 3920; x_wconf 88' lang='lat' dir='ltr'><strong>sunt</strong></span> <span class='ocrx_word' id='word_1_291' title='bbox 1798 3885 1961 3935; x_wconf 87' lang='lat' dir='ltr'><strong>aeque</strong></span> <span class='ocrx_word' id='word_1_292' title='bbox 2016 3875 2171 3934; x_wconf 87' lang='lat' dir='ltr'><strong>atque</strong></span> <span class='ocrx_word' id='word_1_293' title='bbox 2226 3883 2288 3917; x_wconf 89' lang='lat' dir='ltr'><strong>ea</strong></span> <span class='ocrx_word' id='word_1_294' title='bbox 2335 3884 2470 3934; x_wconf 86' lang='lat' dir='ltr'><strong>quae</strong></span> <span class='ocrx_word' id='word_1_295' title='bbox 2521 3877 2777 3928; x_wconf 88' lang='lat' dir='ltr'><strong>secuntur,</strong></span> 
     </span>
     <span class='ocr_line' id='line_1_35' title="bbox 480 3953 1277 4024; baseline 0.009 -22"><span class='ocrx_word' id='word_1_296' title='bbox 480 3955 563 4006; x_wconf 89' lang='lat' dir='ltr'><strong>·cf.</strong></span> <span class='ocrx_word' id='word_1_297' title='bbox 603 3953 800 4006; x_wconf 67' lang='lat' dir='ltr'><strong>Charis,</strong></span> <span class='ocrx_word' id='word_1_298' title='bbox 838 3972 891 4020; x_wconf 92' lang='lat' dir='ltr'><strong>p.</strong></span> <span class='ocrx_word' id='word_1_299' title='bbox 936 3957 1053 4023; x_wconf 84' lang='lat'><strong>175,</strong></span> <span class='ocrx_word' id='word_1_300' title='bbox 1092 3957 1160 4008; x_wconf 90' lang='grc'><strong>26</strong></span> <span class='ocrx_word' id='word_1_301' title='bbox 1201 3974 1277 4024; x_wconf 89' lang='lat' dir='ltr'><strong>sq.</strong></span> 
     </span>
    </p>

    <p class='ocr_par' dir='ltr' id='par_1_12' title="bbox 491 4039 2783 4374">
     <span class='ocr_line' id='line_1_36' title="bbox 701 4039 2783 4112; baseline 0.001 -21"><span class='ocrx_word' id='word_1_302' title='bbox 701 4039 726 4076; x_wconf 82' lang='lat'><strong>2</strong></span> <span class='ocrx_word' id='word_1_303' title='bbox 761 4044 956 4092; x_wconf 87' lang='lat' dir='ltr'><strong>Mirum</strong></span> <span class='ocrx_word' id='word_1_304' title='bbox 993 4060 1119 4094; x_wconf 85' lang='lat' dir='ltr'><strong>sane</strong></span> <span class='ocrx_word' id='word_1_305' title='bbox 1163 4053 1245 4095; x_wconf 90' lang='lat' dir='ltr'><strong>est</strong></span> <span class='ocrx_word' id='word_1_306' title='bbox 1289 4047 1433 4112; x_wconf 87' lang='lat' dir='ltr'><strong>quod</strong></span> <span class='ocrx_word' id='word_1_307' title='bbox 1474 4046 1614 4110; x_wconf 90' lang='lat' dir='ltr'><strong>apud</strong></span> <span class='ocrx_word' id='word_1_308' title='bbox 1651 4046 1965 4095; x_wconf 88' lang='lat' dir='ltr'><strong>Dositheum</strong></span> <span class='ocrx_word' id='word_1_309' title='bbox 2000 4063 2051 4112; x_wconf 90' lang='lat' dir='ltr'><strong>p.</strong></span> <span class='ocrx_word' id='word_1_310' title='bbox 2092 4046 2214 4108; x_wconf 86' lang='grc'><strong>426,</strong></span> <span class='ocrx_word' id='word_1_311' title='bbox 2254 4045 2394 4096; x_wconf 86' lang='grc'><strong>4--8</strong></span> <span class='ocrx_word' id='word_1_312' title='bbox 2434 4046 2617 4094; x_wconf 87' lang='lat' dir='ltr'><strong>eadem</strong></span> <span class='ocrx_word' id='word_1_313' title='bbox 2652 4045 2783 4107; x_wconf 85' lang='lat' dir='ltr'><strong>legi·</strong></span> 
     </span>
     <span class='ocr_line' id='line_1_37' title="bbox 491 4132 2781 4200; baseline 0.002 -21"><span class='ocrx_word' id='word_1_314' title='bbox 491 4147 606 4180; x_wconf 89' lang='lat' dir='ltr'><strong>mus</strong></span> <span class='ocrx_word' id='word_1_315' title='bbox 648 4147 778 4196; x_wconf 86' lang='lat' dir='ltr'><strong>quae</strong></span> <span class='ocrx_word' id='word_1_316' title='bbox 815 4132 952 4197; x_wconf 86' lang='lat' dir='ltr'><strong>apud</strong></span> <span class='ocrx_word' id='word_1_317' title='bbox 988 4133 1303 4184; x_wconf 87' lang='lat' dir='ltr'><strong>Diomedem</strong></span> <span class='ocrx_word' id='word_1_318' title='bbox 1339 4151 1392 4200; x_wconf 90' lang='lat' dir='ltr'><strong>p.</strong></span> <span class='ocrx_word' id='word_1_319' title='bbox 1431 4135 1554 4193; x_wconf 87' lang='lat'>310,</span> <span class='ocrx_word' id='word_1_320' title='bbox 1595 4135 1861 4194; x_wconf 81' lang='grc'><strong>31--301,</strong></span> <span class='ocrx_word' id='word_1_321' title='bbox 1900 4135 1950 4196; x_wconf 89' lang='grc'><strong>2,</strong></span> <span class='ocrx_word' id='word_1_322' title='bbox 1997 4137 2068 4184; x_wconf 87' lang='lat' dir='ltr'><strong>ita</strong></span> <span class='ocrx_word' id='word_1_323' title='bbox 2116 4142 2172 4184; x_wconf 90' lang='lat' dir='ltr'><strong>ut</strong></span> <span class='ocrx_word' id='word_1_324' title='bbox 2209 4141 2424 4200; x_wconf 90' lang='lat' dir='ltr'><strong>uterque</strong></span> <span class='ocrx_word' id='word_1_325' title='bbox 2482 4149 2598 4182; x_wconf 91' lang='lat' dir='ltr'><strong>curn</strong></span> <span class='ocrx_word' id='word_1_326' title='bbox 2636 4150 2781 4198; x_wconf 88' lang='lat' dir='ltr'><strong>prae-</strong></span> 
     </span>
     <span class='ocr_line' id='line_1_38' title="bbox 493 4219 2783 4290; baseline 0.001 -23"><span class='ocrx_word' id='word_1_327' title='bbox 493 4219 800 4284; x_wconf 73' lang='lat' dir='ltr'><strong>cedentibus</strong></span> <span class='ocrx_word' id='word_1_328' title='bbox 840 4237 998 4270; x_wconf 88' lang='lat' dir='ltr'><strong>unum</strong></span> <span class='ocrx_word' id='word_1_329' title='bbox 1036 4227 1234 4272; x_wconf 89' lang='lat' dir='ltr'><strong>tantum</strong></span> <span class='ocrx_word' id='word_1_330' title='bbox 1276 4223 1414 4272; x_wconf 86' lang='lat' dir='ltr'><strong>illud</strong></span> <span class='ocrx_word' id='word_1_331' title='bbox 1461 4223 1780 4273; x_wconf 85' lang='lat' dir='ltr'><strong>enuntiatum</strong></span> <span class='ocrx_word' id='word_1_332' title='bbox 1840 4229 2103 4290; x_wconf 82' lang='lat' dir='ltr'><strong>conectat3</strong></span> <span class='ocrx_word' id='word_1_333' title='bbox 2160 4224 2255 4272; x_wconf 89' lang='lat' dir='ltr'><strong>sed</strong></span> <span class='ocrx_word' id='word_1_334' title='bbox 2312 4223 2414 4272; x_wconf 91' lang='lat' dir='ltr'><strong>hoc</strong></span> <span class='ocrx_word' id='word_1_335' title='bbox 2471 4222 2639 4270; x_wconf 85' lang='lat' dir='ltr'><strong>casui·</strong></span> <span class='ocrx_word' id='word_1_336' title='bbox 2674 4238 2783 4271; x_wconf 90' lang='lat' dir='ltr'><strong>non</strong></span> 
     </span>
     <span class='ocr_line' id='line_1_39' title="bbox 494 4307 1095 4374; baseline 0.007 -19"><span class='ocrx_word' id='word_1_337' title='bbox 494 4307 620 4356; x_wconf 88' lang='lat' dir='ltr'><strong>dare</strong></span> <span class='ocrx_word' id='word_1_338' title='bbox 655 4324 762 4357; x_wconf 91' lang='lat' dir='ltr'><strong>non</strong></span> <span class='ocrx_word' id='word_1_339' title='bbox 801 4324 1095 4374; x_wconf 82' lang='lat' dir='ltr'><strong>possumus,</strong></span> 
     </span>
    </p>

    <p class='ocr_par' dir='ltr' id='par_1_13' title="bbox 491 4392 2782 4549">
     <span class='ocr_line' id='line_1_40' title="bbox 689 4392 2782 4450; baseline 0.001 -4"><span class='ocrx_word' id='word_1_340' title='bbox 689 4392 713 4428; x_wconf 78' lang='lat'><strong>⁸</strong></span> <span class='ocrx_word' id='word_1_341' title='bbox 748 4397 981 4448; x_wconf 87' lang='lat' dir='ltr'><strong>Primum</strong></span> <span class='ocrx_word' id='word_1_342' title='bbox 1021 4398 1344 4448; x_wconf 83' lang='lat' dir='ltr'><strong>enuntiatum</strong></span> <span class='ocrx_word' id='word_1_343' title='bbox 1404 4400 1458 4448; x_wconf 88' lang='lat' dir='ltr'><strong>in</strong></span> <span class='ocrx_word' id='word_1_344' title='bbox 1497 4398 1855 4450; x_wconf 88' lang='lat' dir='ltr'><strong>describendo</strong></span> <span class='ocrx_word' id='word_1_345' title='bbox 1899 4399 2169 4449; x_wconf 82' lang='lat' dir='ltr'><strong>Donatum</strong></span> <span class='ocrx_word' id='word_1_346' title='bbox 2220 4406 2449 4448; x_wconf 86' lang='lat' dir='ltr'><strong>mutasse</strong></span> <span class='ocrx_word' id='word_1_347' title='bbox 2489 4405 2541 4448; x_wconf 87' lang='lat' dir='ltr'><strong>et</strong></span> <span class='ocrx_word' id='word_1_348' title='bbox 2579 4401 2782 4448; x_wconf 83' lang='lat' dir='ltr'><strong>senten·</strong></span> 
     </span>
     <span class='ocr_line' id='line_1_41' title="bbox 491 4483 1340 4549; baseline 0.006 -18"><span class='ocrx_word' id='word_1_349' title='bbox 491 4483 614 4541; x_wconf 83' lang='lat' dir='ltr'><strong>tiam</strong></span> <span class='ocrx_word' id='word_1_350' title='bbox 652 4487 969 4549; x_wconf 86' lang='lat' dir='ltr'><strong>peruertisse</strong></span> <span class='ocrx_word' id='word_1_351' title='bbox 1009 4487 1340 4538; x_wconf 88' lang='lat' dir='ltr'><strong>crediderim.</strong></span> 
     </span>
    </p>
   </div>
   <div class='ocr_carea' id='block_1_5' title="bbox 2352 4575 2385 4628">
    <p class='ocr_par' dir='ltr' id='par_1_14' title="bbox 2352 4575 2385 4628">
     <span class='ocr_line' id='line_1_42' title="bbox 2352 4575 2385 4628; baseline 0 0"><span class='ocrx_word' id='word_1_352' title='bbox 2352 4575 2385 4628; x_wconf 85' lang='lat'><strong>3</strong></span> 
     </span>
    </p>
   </div>
  </div>
 </body>
</html>
