3459 5217
1569 509 1923 562 —14-

599 694 838 746 tantum
881 685 1266 745 enuntiatum
1309 688 1624 762 praebent.
1715 683 1895 758 Quae
1940 692 2230 744 secuntur
2269 701 2330 760 p.
2374 684 2515 761 325,
2579 683 2893 762 28-326,

597 791 677 848 23
720 805 922 865 neque
965 789 1133 864 apud
1179 786 1497 846 Donatum
1539 803 1747 862 neque
1796 787 1965 862 apud
2010 786 2271 862 reliquos
2320 793 2441 843 tres
2486 784 2891 847 inueniuntur.

597 887 776 948 Haec
817 908 944 948 non
987 907 1062 946 ex
1124 906 1248 946 uno
1310 889 1481 947 fonte
1523 889 1718 964 petita
1762 905 1904 946 esse
1959 889 2417 946 demonstratur
2456 903 2535 945 ea
2575 905 2661 956 re,
2724 887 2892 962 quod

597 999 664 1048 et
704 1009 763 1067 p.
805 992 945 1064 325,
995 992 1240 1050 28-30
1287 998 1348 1048 et
1376 1007 1436 1066 p.
1460 992 1602 1061 326,
1632 991 1876 1050 19—23
1902 989 2243 1066 exponitur,
2274 988 2592 1065 quomodo
2632 1007 2670 1045 e
2699 987 2891 1045 nomi-

593 1091 774 1150 nibus
799 1091 1072 1149 feminini
1094 1091 1338 1166 generis
1368 1091 1431 1149 in
1461 1110 1498 1150 a
1529 1091 1914 1149 deminutiua
1946 1091 2228 1152 oriantur.
2316 1089 2381 1148 P.
2406 1091 2549 1164 325,
2582 1089 2891 1165 28-326,

603 1195 700 1261 10,
744 1193 848 1250 ubi
893 1193 976 1250 de
1021 1191 1229 1250 formis
1276 1191 1799 1250 deminutiuorum
1843 1192 2061 1268 agitur,
2105 1192 2169 1250 in
2212 1191 2503 1266 exemplis
2534 1189 2889 1248 adferendis

589 1279 964 1370 ‘tamquam'
1024 1292 1318 1368 particula
1383 1311 1525 1370 pro·
1557 1285 1690 1351 ‘ut’
1738 1293 2067 1351 adhibetur
2111 1287 2404 1368 (quater),
2470 1307 2631 1367 quae
2700 1288 2889 1347 dictio

595 1413 633 1452 a
676 1395 910 1469 reliquo
953 1395 1156 1470 capite
1199 1395 1402 1454 aliena
1445 1401 1558 1455 est.
1622 1393 1687 1454 P.
1715 1394 1859 1469 326,
1906 1395 2147 1453 10-—19
2179 1399 2608 1469 praespostere
2638 1390 2891 1449 inmixta

595 1505 690 1554 est
735 1495 1036 1572 expositio
1081 1498 1164 1553 de
1207 1494 1527 1554 adiectiuis
1559 1496 1620 1552 in
1649 1495 1811 1553 arius
1847 1502 1911 1552 et
1958 1511 2125 1556 osus,
2209 1494 2504 1553 Neutram
2544 1493 2726 1568 igitur
2749 1511 2889 1569 par·

593 1597 843 1656 ticulam
885 1596 968 1654 illi
1015 1597 1170 1655 fonti
1192 1596 1533 1655 Diomedes
1578 1597 1767 1654 debet
1792 1613 1869 1653 ex
1900 1611 2025 1672 quo
2056 1604 2242 1671 caput
2270 1596 2352 1653 de
2389 1593 2637 1653 nomine
2666 1594 2887 1655 hausit.

595 1699 877 1774 Denique
921 1699 1004 1756 de
1047 1699 1120 1756 iis
1160 1697 1509 1757 nominibus
1539 1696 1877 1755 Diomedes
1909 1697 2035 1771 agit
2079 1714 2239 1772 quae
2280 1696 2731 1754 deminutiones
2760 1714 2889 1753 non

595 1800 828 1858 faciunt
892 1797 979 1876 (p.
1024 1801 1168 1877 326,
1215 1792 1492 1875 23—25)
1537 1805 1602 1856 et
1644 1815 1805 1874 quae
1848 1798 1911 1856 in
1970 1798 2488 1856 deminutionibus
2532 1815 2729 1874 genus
2771 1814 2889 1855 no-

594 1902 771 1959 minis
815 1900 1125 1978 prototypi
1167 1918 1294 1958 non
1337 1907 1588 1959 seruant
1631 1895 1717 1975 (p.
1761 1901 1903 1977 326,
1952 1897 2243 1971 26-29).
2304 1899 2417 1958 His
2460 1899 2886 1976 interpositum

595 2011 692 2061 est
735 2003 1139 2070 enuntiatum,
1209 2019 1333 2078 quo
1393 2001 1566 2078 quasi
1611 1987 1991 2061 deminutiua
2032 2009 2568 2060 conmemorantur
2610 1995 2695 2080 (p.
2744 2002 2885 2071 326,

596 2106 692 2165 25.
761 2098 899 2183 26);
969 2121 1177 2162 eorum
1220 2103 1502 2163 Donatus
1548 2121 1797 2180 quoque
1847 2104 2223 2164 mentionem
2275 2103 2418 2162 facit
2464 2098 2549 2179 (p.
2598 2105 2739 2178 373,
2787 2105 2886 2163 16.

600 2202 725 2284 17),
793 2222 932 2264 cum
991 2207 1160 2282 apud
1234 2206 1498 2283 reliquos
1559 2205 1775 2264 similia
1828 2223 1957 2264 non
1996 2207 2294 2282 legantur.
2402 2204 2499 2261 De
2542 2203 2887 2262 nominibus

595 2325 757 2382 quae
803 2324 930 2365 non
989 2317 1238 2365 seruant
1280 2325 1510 2382 genera
1553 2307 1837 2367 Donatus
1891 2308 1955 2365 in
1996 2307 2381 2384 paragrapho
2429 2309 2511 2366 de
2554 2305 2883 2381 generibus

595 2405 681 2484 (p.
729 2411 872 2478 376,
918 2405 1108 2485 7-9)
1170 2409 1366 2468 isdem
1411 2427 1484 2468 ac
1529 2409 1867 2468 Diomedes
1905 2409 2107 2468 uerbis
2152 2410 2439 2486 loquitur,
2498 2426 2635 2466 cum
2678 2407 2888 2482 reliqui

595 2509 751 2568 haec
790 2518 934 2585 post
977 2510 1360 2569 deminutiua
1388 2511 1659 2587 quidem,
1705 2518 1774 2569 ut
1804 2509 2163 2584 DiomedeS‚
2210 2517 2492 2579 tractent,
2538 2510 2655 2567 sed
2684 2508 2883 2567 uerbis

595 2612 781 2686 plane
845 2612 1101 2670 diuersis
1159 2619 1408 2671 utantur
1474 2608 1733 2688 (ChariS.
1803 2630 1862 2688 p.
1911 2613 2051 2687 155,
2122 2614 2399 2684 13--173
2466 2612 2669 2670 Anon.
2730 2610 2883 2669 Bob.
2965 2627 2969 2631 ·

595 2732 655 2790 p.
702 2715 846 2782 535,
899 2715 1175 2783 21—253
1241 2712 1480 2774 Dosith.
1525 2732 1586 2790 p.
1632 2715 1775 2790 395,
1824 2715 2131 2785 11-396,
2180 2708 2261 2791 1).
2368 2712 2684 2770 Donatum
2724 2710 2885 2770 hanc

597 2814 1094 2873 obseruationem
1137 2814 1200 2872 in
1241 2815 1626 2891 paragrapho
1671 2816 1754 2872 de
1796 2814 2119 2890 generibus
2164 2814 2448 2890 posuisse
2508 2812 2720 2872 mirum
2759 2828 2885 2871 non

599 2923 712 2975 est.
799 2913 957 2973 Cum
1021 2916 1186 2974 enim
1237 2914 1616 2975 deminutiua
1657 2917 1816 2974 inter
1856 2916 2090 2992 species
2131 2915 2395 2974 nominis
2438 2923 2717 2991 poneret,
2784 2914 2887 2971 ubi

595 3017 980 3074 enumeratio
1023 3023 1262 3074 tantum
1303 3017 1672 3092 singularum
1716 3016 2056 3092 specierum
2103 3025 2247 3093 apta
2264 3025 2429 3103 prat,
2473 3016 2594 3076 alio
2624 3018 2761 3075 loco
2804 3017 2885 3074 de

592 3116 708 3176 hac
751 3136 818 3175 re
863 3116 1028 3194 loqui
1069 3135 1196 3176 non
1225 3117 1442 3194 potuit.
1531 3118 1815 3176 Eandem
1868 3118 1949 3176 ob
2015 3135 2264 3177 causam
2332 3136 2489 3194 quae
2544 3117 2883 3176 Diomedes

591 3214 678 3295 (p.
725 3220 867 3288 326,
915 3215 1189 3294 26—29)
1255 3220 1336 3278 de
1397 3220 1913 3297 appellationibus
1982 3237 2143 3296 quae
2211 3219 2698 3278 deminutionem
2757 3235 2885 3278 non

592 3320 888 3396 recipiunt
931 3321 1116 3380 tradit
1177 3320 1428 3379 omnino
1479 3321 1699 3382 omisit.
1811 3321 2058 3397 Reliqui
2124 3329 2246 3380 tres
2312 3321 2394 3378 de
2460 3321 2575 3380 hac
2639 3337 2883 3397 quoque

592 3439 657 3478 re
721 3422 951 3484 dicunt.
1064 3421 1372 3482 Charisius
1430 3420 1514 3500 (p.
1576 3424 1714 3494 155,
1783 3421 2076 3499 10-21),
2141 3424 2499 3500 Anonymus
2566 3419 2881 3480 Bobiensis

591 3518 679 3599 (p.
713 3523 855 3598 535,
889 3519 1181 3601 20—29),
1235 3504 1568 3584 Dositheus
1613 3518 1699 3603 (p.
1733 3526 1877 3593 395,
1925 3527 2231 3603 10—396,
2262 3521 2322 3602 5)
2365 3523 2546 3582 solito
2576 3509 2883 3582 consensu

593 3613 749 3699 quid
786 3624 909 3682 sint
949 3625 1350 3701 deminutiua,
1399 3641 1558 3702 quae
1601 3625 1950 3684 nominibus
1995 3626 2269 3702 protypis
2310 3643 2437 3683 non
2468 3624 2878 3693 consentiant,

593 3741 754 3800 quae
799 3724 1296 3801 hypocorismata
1341 3744 1466 3784 non
1510 3726 1809 3803 recipiant
1852 3735 2188 3803 exponunt.

795 3823 976 3897 Quae
1019 3827 1103 3884 de
1165 3827 1581 3904 generibus
1647 3828 2024 3902 grammatici
2070 3830 2301 3887 docent
2347 3825 2577 3906 (Diom.
2628 3847 2687 3904 p.
2735 3829 2877 3895 301,

593 3928 830 3996 4-17;
878 3927 1039 3988 Don.
1067 3947 1125 4003 p.
1155 3930 1296 3998 375,
1346 3930 1624 4000 13-24;
1671 3927 1902 3989 Charis.
1939 3949 1996 4007 p.
2026 3931 2167 4000 153,
2212 3931 2448 4001 8--2Ο;
2492 3930 2694 3989 Anon.
2727 3927 2876 3988 Bob.

592 4047 652 4105 p.
699 4030 840 4099 534,
887 4024 1119 4109 2-10)
1167 4047 1377 4089 eorum
1423 4039 1623 4090 certus
1667 4048 2007 4110 consensus
2050 4048 2179 4089 non
2221 4039 2333 4108 est,
2399 4033 2515 4091 sed
2556 4030 2770 4089 mirum
2816 4029 2880 4086 in

590 4131 847 4188 modum
891 4131 970 4188 ab
1014 4130 1134 4190 alio
1179 4132 1333 4191 alius
1378 4132 1751 4208 discrepant.
1841 4132 2176 4191 Dositheus
2221 4131 2308 4210 (p.
2354 4135 2496 4212 391,
2541 4125 2775 4199 6-14)
2816 4131 2878 4189 in

591 4232 793 4308 priore
834 4241 1008 4307 parte
1056 4250 1194 4292 cum
1245 4232 1541 4304 Charisi0,
1586 4234 1648 4292 in
1695 4235 2034 4311 posteriore
2064 4253 2203 4294 cum
2232 4234 2558 4312 Anonymo
2590 4234 2880 4294 Bobiensi

595 4333 893 4409 congruit.
980 4335 1272 4392 Attamen
1315 4353 1532 4393 omnes
1575 4336 1831 4394 easdem
1874 4353 1970 4394 res
2012 4337 2259 4406 docent,
2325 4336 2593 4413 quinque
2646 4353 2879 4412 genera
2934 4328 2938 4332 ’

591 4452 749 4507 esse,
793 4452 954 4511 quae
997 4428 1306 4494 simillimo
1342 4438 1532 4495 modo
1577 4438 1896 4498 definiunt.
1963 4436 2141 4497 Haec
2184 4439 2315 4497 sola
2359 4445 2499 4497 sunt
2529 4455 2690 4514 quae
2714 4437 2875 4497 Cha·

591 4536 785 4607 risius,
826 4537 1182 4615 Anonymus
1214 4536 1556 4608 BobiensiS,
1602 4537 1939 4598 Dositheus
1984 4539 2096 4598 sub
2131 4539 2305 4598 titulo
2336 4540 2419 4597 de
2461 4556 2689 4615 genere
2716 4547 2875 4600 trac·
