3459 5217
1567 473 1923 527 ..15-

599 663 750 714 tant.
836 653 1119 713 Donatus
1184 670 1331 712 uero
1375 660 1520 729 post
1568 652 1721 710 haec
1766 650 2023 728 primum
2068 651 2375 726 quaedam
2435 652 2746 713 subiunxit
2811 655 2892 714 de

596 757 942 816 nominibus
988 773 1146 831 quae
1189 756 1355 814 aliud
1383 770 1578 829 genus
1611 761 1837 812 sonant
1866 761 2053 829 atque
2096 771 2159 810 re
2189 772 2335 811 uera
2372 753 2601 812 habent
2638 753 2723 832 (p.
2748 759 2891 828 375,

606 855 906 935 24-29),
975 875 1010 916 e
1053 858 1273 934 quibus
1317 857 1576 932 primum
1621 855 2004 913 enuntiatum
2048 854 2239 911 uerbo
2283 862 2462 912 tenus
2508 875 2545 914 a
2588 855 2894 916 Diomede

597 963 661 1019 in
696 962 817 1019 fine
864 960 1080 1036 capitis
1127 961 1208 1016 de
1251 957 1483 1014 nomini
1517 956 1889 1032 exscriptum
1932 963 2029 1012 est
2060 949 2146 1032 (p.
2181 957 2324 1024 328,
2358 957 2453 1016 32.
2484 950 2609 1035 33).
2668 959 2892 1017 Secun-

596 1072 696 1120 tur
738 1062 905 1138 apud
948 1060 1266 1118 Donatum
1310 1057 1560 1116 nomina
1627 1073 1786 1132 quae
1850 1056 1913 1113 in
1976 1055 2261 1130 singulari
2324 1073 2580 1115 numero
2646 1061 2890 1119 alterius

597 1171 741 1221 sunt
786 1162 1027 1237 generis
1076 1169 1141 1218 et
1169 1159 1416 1218 alterius
1447 1159 1510 1216 in
1551 1157 1784 1234 plurali,
1830 1157 2061 1214 deinde
2090 1171 2252 1233 qua'e
2281 1156 2492 1216 incerti
2519 1168 2660 1218 sunt
2700 1180 2891 1235 gene-

596 1266 676 1323 ris
742 1262 828 1340 (p.
873 1266 1016 1332 375,
1085 1265 1397 1331 29-376,
1453 1257 1531 1339 1).
1645 1261 1920 1336 Utraque
1985 1277 2082 1318 res
2144 1281 2181 1318 a
2232 1260 2539 1320 Diomede
2598 1270 2893 1321 tractatur

597 1363 681 1442 (p.
728 1367 867 1444 327,
917 1359 1181 1443 1-15);
1223 1380 1382 1440 quae
1428 1364 1630 1439 priore
1675 1363 1821 1420 loco
1857 1363 2143 1437 leguntur
2185 1381 2223 1420 a
2270 1362 2521 1422 Donato
2566 1373 2887 1424 contracta

602 1476 760 1546 sunt,
825 1485 985 1545 quae
1024 1467 1362 1544 posteriore
1405 1464 1596 1523 uerbo
1640 1473 1820 1522 tenus
1865 1465 2277 1525 consentiunt.
2362 1464 2510 1523 Post
2554 1464 2709 1522 haec
2758 1463 2888 1522 Do-

597 1573 776 1627 natus
821 1571 902 1626 de
945 1569 1296 1627 nominibus
1358 1567 1486 1642 agit
1554 1583 1811 1643 quorum
1880 1583 2109 1640 genera
2150 1567 2270 1626 fixa
2313 1575 2419 1626 aut
2461 1567 2709 1646 mobilia
2748 1574 2890 1624 sunt

599 1669 685 1748 (p.
732 1672 874 1740 376,
923 1669 1130 1744 1-7),
1176 1669 1395 1746 quibus
1441 1686 1731 1743 congrua,
1780 1669 2028 1744 paulum
2076 1676 2285 1726 tamen
2328 1676 2660 1737 contracta,
2722 1669 2889 1743 apud

597 1773 968 1831 Diomedem
1013 1769 1099 1849 (p.
1146 1772 1284 1841 328,
1325 1769 1602 1846 25—28)
1663 1769 1961 1845 leguntur.
2067 1767 2189 1827 Hic
2232 1770 2436 1828 statim
2498 1770 2670 1828 addo
2728 1786 2888 1845 quae

596 1873 884 1932 Donatus
927 1892 985 1950 p.
1031 1873 1174 1942 376,
1223 1872 1464 1930 10-21
1515 1871 1704 1928 docet
1751 1869 2018 1945 reliquos
2060 1885 2273 1928 omnes
2321 1870 2619 1930 omittere.

796 1975 868 2032 In
909 1974 979 2031 iis
1017 1990 1178 2050 quae
1221 1973 1302 2029 de
1333 1971 1605 2046 figuris
1649 1970 1950 2045 praebent
1995 1970 2334 2028 admodum
2374 1987 2590 2029 omnes
2628 1987 2888 2028 consen-

599 2075 758 2133 tiunt
799 2071 1027 2151 (Diom.
1070 2094 1129 2152 p.
1156 2077 1299 2142 301,
1347 2075 1624 2142 24-303
1668 2071 1832 2131 Don.
1875 2090 1933 2148 p.
1958 2073 2100 2140 377,
2146 2074 2338 2142 3-83
2389 2069 2619 2133 Charis,
2664 2090 2721 2147 p.
2751 2073 2884 2142 153,

602 2179 876 2246 21-253
921 2177 1123 2236 Anon.
1166 2175 1319 2234 Bob.
1369 2193 1429 2250 p.
1478 2175 1617 2251 534,
1667 2173 1946 2243 10—14;
1991 2172 2231 2234 Dosith.
2279 2191 2336 2248 p.
2383 2175 2525 2244 391,
2582 2176 2885 2244 14—392,

600 2277 683 2353 3).
769 2277 1110 2336 Diomedes
1178 2276 1350 2335 initio
1395 2274 1544 2351 quid
1600 2274 1687 2358 ‘sit
1740 2276 1930 2350 figura
1991 2273 2206 2332 definit
2269 2273 2536 2332 similiter
2580 2282 2767 2350 atque
2822 2275 2886 2333 in

598 2380 864 2438 numeris
909 2388 975 2438 et
1019 2379 1282 2448 casibuS,
1325 2381 1408 2437 de
1437 2395 1561 2453 qua
1587 2396 1652 2434 re
1679 2378 1865 2436 ceteri
1891 2379 2081 2435 uerba
2118 2394 2247 2434 non
2284 2377 2530 2437 faciunt.
2598 2377 2885 2436 Donatus

594 2489 915 2557 praeterea
959 2501 1019 2558 p.
1043 2461 1194 2550 377,
1242 2481 1449 2540 8-14
1493 2481 1574 2536 de
1621 2463 2035 2537 declinatione
2066 2465 2527 2554 conpositorum
2568 2478 2883 2536 nominum

598 2583 754 2658 agit3
823 2583 1043 2641 eadem
1107 2582 1391 2639 uberiore
1451 2598 1603 2638 sane
1648 2580 1843 2638 forma
1888 2598 1925 2638 a
1970 2579 2275 2638 Diomede
2320 2597 2379 2655 p.
2428 2581 2571 2656 309,
2635 2581 2880 2639 26--37

599 2674 1008 2758 eizponuntur.
1098 2682 1338 2759 Reliqui
1381 2690 1504 2740 tres
1551 2682 1631 2738 de
1674 2680 1793 2739 hac
1835 2698 1901 2738 re
1944 2680 2088 2738 nihil
2132 2681 2401 2764 tradunt.

793 2783 890 2840 De
953 2783 1275 2841 numeris
1332 2782 1670 2840 Diomedes
1739 2777 1825 2858 (p.
1894 2783 2045 2850 301,
2127 2775 2399 2858 19—22)
2475 2790 2537 2840 et
2599 2780 2879 2840 Donatus

521 2947 524 2950 Α
598 2877 684 2958 (p.
717 2885 858 2956 376,
891 2879 1160 2960 22-24)
1206 2884 1516 2940 diuersum
1558 2883 1620 2940 in
1663 2883 1917 2940 modum
1959 2883 2251 2940 locuntur.
2340 2882 2621 2941 Donatus
2668 2891 2883 2941 contra

597 3001 672 3041 ac
715 2983 1054 3042 Diomedes
1100 2991 1162 3042 et
1204 2985 1415 3062 reliqui
1461 2993 1585 3042 tres
1652 2984 1901 3041 dualem
1966 3001 2282 3041 numerum
2333 2983 2575 3057 linguae
2618 2983 2880 3042 Latinae

595 3085 888 3155 uindicat,
934 3085 1100 3144 cuius
1146 3087 1422 3161 exempla
1468 3085 1655 3144 habet
1701 3087 1827 3142 duo
1874 3093 1935 3143 et
1960 3087 2161 3145 ambo,
2216 3085 2493 3144 Eandem
2538 3085 2880 3144 doctrinam

591 3186 654 3243 in
698 3186 903 3262 capite
933 3186 1015 3244 de
1054 3188 1245 3246 uerbo
1289 3187 1536 3244 exhibet
1577 3181 1664 3264 (p.
1700 3188 1837 3256 384,
1881 3182 1964 3265 2).
2030 3186 2364 3244 Diomedes
2406 3187 2538 3261 ipse
2580 3188 2662 3245 ad
2701 3188 2883 3245 alium

591 3288 721 3346 libri
759 3287 962 3346 locum
984 3285 1070 3366 (p.
1099 3291 1240 3361 334,
1268 3285 1372 3368 26)
1397 3291 1674 3366 legentes
1697 3289 1947 3365 relegat,
1975 3289 2077 3346 ubi
2118 3288 2297 3347 alium
2338 3295 2525 3364 atque
2566 3289 2630 3345 in
2672 3296 2885 3346 nostro

594 3389 794 3465 capite
833 3421 840 3431 ·
859 3391 1320 3466 grammaticum
1387 3391 1672 3466 sequitur.
1783 3390 2141 3466 Anonymus
2206 3389 2526 3448 Bobiensis
2594 3384 2681 3467 (p.
2740 3391 2881 3460 534,

599 3489 869 3568 14—19)
918 3499 983 3548 et
1028 3490 1361 3550 Dositheus
1408 3486 1494 3567 (p.
1542 3493 1679 3567 392,
1722 3487 1915 3564 4—8)
1960 3491 2144 3566 plane
2188 3491 2610 3564 consentiunt3
2657 3509 2694 3549 a
2720 3490 2880 3550 Cha-

597 3590 732 3648 risio'
777 3587 866 3667 (p.
901 3593 1038 3666 153,
1087 3595 1397 3666 ,se—154,
1429 3585 1494 3669 5)
1537 3591 1708 3649 initio
1754 3592 2003 3667 paulum
2044 3591 2411 3667 discrepant.
2478 3590 2884 3666 Singularium

597 3692 1042 3768 quaestionum,
1089 3710 1242 3768 quas
1287 3692 1348 3749 hi
1393 3691 1700 3762 exhibent,
1746 3709 1887 3767 pars
1919 3693 2088 3768 apud
2118 3692 2433 3750 Donatum
2474 3700 2718 3751 seruata
2763 3702 2879 3761 est,

591 3811 775 3851 unam
819 3792 1159 3850 Diomedes
1204 3810 1451 3869 quoque
1497 3793 1817 3869 descripsit
1864 3787 2126 3869 (Charis.
2162 3811 2224 3868 p.
2274 3792 2411 3861 154,
2459 3794 2515 3851 2.
2566 3794 2632 3866 3;
2676 3793 2877 3853 Anon.

594 3892 747 3951 Bob.
791 3912 852 3970 p.
899 3895 1042 3963 534,
1111 3896 1208 3956 16.
1258 3896 1362 3964 17;
1429 3893 1670 3954 Dosith.
1713 3911 1773 3969 p.
1822 3895 1962 3963 392,
2011 3895 2076 3968 6;
2146 3891 2349 3952 Diom.
2394 3911 2453 3968 p.
2500 3895 2642 3962 328,
2688 3894 2879 3964 5-7;

592 3993 756 4055 Don.
788 4015 846 4070 p.
879 3997 1020 4072 376,
1070 3996 1164 4055 24.
1212 3995 1292 4054 25
1338 4001 1404 4052 et
1449 3991 1676 4054 Charis;
1723 4012 1781 4068 p.
1814 3995 1951 4069 154,
2000 3994 2192 4068 3——53
2234 3986 2434 4053 Ano'n.
2467 3992 2618 4051 Bob.
2650 4011 2709 4068 p.
2736 3995 2881 4070 534,

596 4097 873 4165 17-19;
938 4095 1177 4155 Dosith.
1224 4113 1283 4170 p.
1317 4096 1458 4164 392,
1507 4097 1562 4156 7.
1608 4097 1679 4164 8;
1726 4093 1889 4153 Don.
1934 4113 1994 4169 p.
2028 4096 2166 4164 376,
2212 4095 2521 4160 32-377,
2564 4089 2651 4168 2).
2699 4094 2883 4168 Apud

593 4193 963 4254 Diomedem
1006 4190 1093 4275 (p.
1141 4197 1285 4265 327,
1332 4197 1642 4264 16—328,
1691 4196 1728 4256 5
1765 4197 1829 4263 -l-
1861 4197 2002 4269 328,
2051 4189 2283 4273 7—23)
2330 4203 2391 4252 et
2434 4194 2750 4264 Donatum
2794 4196 2878 4272 (p.
2962 4231 2966 4235 -

595 4298 735 4368 376,
788 4292 1060 4373 25—32)
1128 4314 1264 4354 cum
1329 4296 1422 4355 his
1475 4296 1799 4355 coniuncta
1855 4303 1951 4354 est
1994 4296 2330 4370 disputatio
2389 4296 2471 4352 de
2534 4295 2879 4353 nominibus

594 4415 754 4473 quae
799 4397 1124 4475 singularia
1168 4405 1272 4456 aut
1315 4399 1566 4474 pluralia
1606 4404 1845 4456 tantum
1900 4405 2061 4476 sunt,
2128 4398 2208 4456 de
2270 4413 2391 4472 qua
2432 4395 2587 4456 infra
2630 4398 2879 4454 demum

592 4497 678 4576 (p.
727 4495 830 4578 30)
875 4517 1148 4576 agemus
