3459 5217
1451 451 1805 506 ...41-

479 633 656 690 theus
699 627 783 707 (p.
831 633 969 699 381,
1016 631 1278 699 6-386,
1322 627 1406 702 7),
1473 627 1578 706 qui
1630 636 1725 685 est
1768 628 1924 684 inter
1964 645 2073 685 eos
2122 643 2460 685 consensus
2521 643 2771 682 accura-

481 735 744 792 tissimus
772 729 812 803 1,
864 740 1078 809 aperte
1123 751 1201 789 ex
1245 732 1466 790 eodem
1515 731 1683 788 fonte
1716 730 2067 788 hauserunt.
2157 728 2309 788 Cum
2333 729 2393 785 in
2432 729 2632 804 priore
2670 746 2775 786 ca-

480 835 618 911 pitis
661 842 835 910 parte
879 831 1138 908 (ChariS.
1184 852 1242 909 p.
1287 835 1347 910 7,
1379 834 1562 900 7—8,
1600 834 1681 892 20
1725 855 1805 880 =
1852 831 2093 890 Dosith.
2139 848 2197 904 p.
2244 832 2385 902 381,
2419 832 2681 898 6-382,
2707 826 2773 902 8)

479 937 704 994 eadem
746 937 1083 994 doceantur
1127 952 1285 1010 quae
1329 934 1391 991 in
1421 933 1653 991 Donati
1695 933 1895 1009 capite
1928 932 2009 988 de
2052 932 2247 990 littera
2288 940 2353 989 et
2395 932 2457 988 in
2498 931 2587 988 eis
2632 949 2771 1005 par-

483 1038 678 1095 ticulis
723 1037 1041 1094 Diomedis
1088 1055 1246 1112 quae
1311 1036 1449 1093 huic
1492 1035 1874 1110 respondent
1919 1042 2177 1103 exstant,
2226 1034 2464 1090 illorum
2510 1048 2776 1089 commu-

482 1157 625 1195 nem
671 1138 904 1197 fontem
949 1137 1256 1212 Anonymi
1313 1136 1736 1194 recensionem
1796 1153 1935 1192 esse
2000 1143 2221 1210 sponte
2288 1135 2505 1194 elucet.
2596 1131 2776 1204 Quae

482 1240 824 1315 posteriore
887 1247 1062 1316 parte
1116 1239 1331 1315 capitis
1388 1239 1778 1296 continentur
1821 1231 2086 1316 (Charis.
2134 1255 2192 1312 p.
2236 1238 2295 1314 9,
2345 1237 2567 1302 1—11,
2616 1236 2649 1292 7
2696 1256 2775 1282 =

483 1343 724 1401 Dosith.
771 1361 831 1418 p.
881 1345 1020 1418 382,
1068 1343 1334 1410 9—386,
1384 1333 1450 1417 7)
1517 1341 1684 1415 apud
1729 1339 2099 1396 Diomedem
2164 1332 2252 1415 (p.
2296 1339 2420 1396 424
2464 1332 2620 1413 sqq.)
2685 1353 2778 1390 re-

458 1452 745 1528 currunt.
832 1444 1172 1501 Diomedes
1231 1462 1268 1498 a
1315 1441 1590 1500 Charisio
1651 1449 1715 1499 et
1760 1439 2065 1498 Dositheo
2130 1457 2204 1495 ea
2262 1438 2326 1495 in
2390 1456 2458 1494 re
2520 1435 2773 1503 recedit,

484 1548 654 1624 quod
708 1545 936 1603 litteras
993 1543 1208 1602 ordine
1263 1543 1646 1619 alphabetico
1703 1549 2018 1599 enumerat
2068 1549 2129 1598 et
2188 1547 2430 1608 tractat,
2497 1555 2635 1595 cum
2696 1537 2777 1595 illi

487 1667 592 1707 eas
657 1647 999 1705 secundum
1065 1652 1414 1719 potestates
1485 1644 1839 1719 disponant.
1929 1643 2221 1700 Attamen
2286 1641 2349 1697 in
2414 1639 2779 1720 singularum
2841 1672 2846 1676 -

483 1751 816 1807 litterarum
864 1749 925 1804 ui
969 1747 1250 1805 notanda
1297 1753 1623 1821 tantopere
1655 1745 1995 1803 Diomedes
2042 1753 2103 1802 et
2133 1743 2467 1800 Dositheus
2510 1743 2667 1799 inter
2714 1760 2779 1799 se

489 1851 897 1924 consentiunt,
965 1857 1034 1906 ut
1079 1848 1342 1906 dubitari
1393 1855 1694 1922 nequeat,·
1754 1847 1901 1922 quin
1959 1864 2035 1902 ex
2096 1846 2320 1902 eodem
2380 1843 2778 1920 grammatico

486 1953 823 2028 pendeant.
894 1950 1068 2008 Haec
1111 1950 1418 2007 sententia
1462 1949 1704 2006 duobus
1736 1947 2065 2023 praecipue
2096 1944 2465 2020 argumentis
2496 1944 2781 2003 firmatur.

489 2052 646 2110 Cum
691 2053 1046 2127 plerumque
1092 2051 1154 2107 in
1191 2050 1486 2126 exemplis
1517 2049 1872 2108 adferendis
1912 2033 2031 2104 ‘ut’
2071 2047 2366 2123 particula
2398 2045 2780 2112 adhibeatur,

489 2162 580 2212 ter
623 2154 791 2228 apud
835 2152 1226 2224 Diomedem,
1295 2152 1386 2208 bis
1447 2153 1612 2226 apud
1657 2149 2021 2208 Dositheum
2070 2132 2438 2225 ‘tamquam’
2493 2147 2780 2205 occurrit:

487 2256 690 2315 Diom.
734 2273 791 2330 p.
836 2255 1114 2332 424,19;
1161 2253 1362 2312 Diom.
1411 2271 1468 2327 p.
1516 2254 1659 2328 425,
1692 2253 1729 2311 3
1782 2275 1859 2300 =
1913 2250 2153 2311 Dosith.
2202 2268 2257 2324 p.
2290 2250 2428 2322 383,
2465 2251 2529 2318 63
2576 2248 2779 2308 Diom.

488 2375 548 2432 p.
593 2357 735 2428 425,
780 2358 815 2414 7
868 2377 946 2403 ==
993 2354 1241 2415 Dosith.
1284 2373 1342 2431 p.
1397 2355 1538 2422 383,
1588 2355 1682 2412 10.
1768 2353 1963 2410 Iidem
2025 2351 2119 2408 bis
2188 2350 2473 2426 singulari
2516 2331 2784 2425 quodam

489 2458 678 2514 modo
724 2475 886 2514 uoce
949 2441 1388 2531 ‘propinquus’
1444 2463 1724 2515 utuntur:
1792 2453 1993 2513 Diom.
2038 2471 2097 2527 p.
2145 2455 2285 2531 424,
2332 2455 2367 2510 6
2411 2473 2495 2498 =
2540 2449 2781 2508 Dosith.

491 2577 550 2634 p.
599 2559 740 2628 384,
791 2560 863 2617 11
929 2547 1004 2614 ‘b
1050 2557 1250 2615 littera
1293 2602 1307 2614 .
1341 2601 1354 2615 .
1391 2601 1404 2615 .
1450 2556 1796 2632 propinqua
1836 2574 1877 2629 p
1922 2554 2175 2622 litterae,
2244 2571 2367 2629 qua
2419 2570 2605 2627 saepe
2650 2568 2783 2608 mu-

491 2644 706 2736 tatur'3
753 2659 990 2720 Dosith.
1024 2678 1084 2734 p.
1111 2659 1250 2728 384,
1280 2660 1355 2718 16
1403 2658 1656 2732 legimus
1695 2645 1765 2712 ‘d
1802 2656 2001 2714 littera
2037 2704 2049 2716 .
2088 2703 2099 2716 .
2136 2698 2148 2712 .
2183 2655 2524 2730 propinqua
2570 2652 2782 2710 litteris

492 2761 974 2818 consonantibus
1022 2746 1158 2830 his',
1228 2759 1549 2817 Diomedis
1609 2759 1859 2816 codices
1922 2757 2059 2814 loco
2115 2757 2218 2833 qui
2262 2755 2401 2813 huic
2445 2756 2784 2830 respondet

491 2863 792 2937 praebent
830 2849 934 2918 ‘ut
980 2878 1102 2936 qua
1145 2845 1405 2928 litteris',
1453 2860 1878 2934 corrigendum
1923 2867 2018 2916 est
2057 2847 2160 2915 ‘ut
2192 2873 2258 2917 *z
2302 2856 2647 2932 propinqua
2688 2856 2785 2912 lit-

491 2949 665 3020 teris’
711 2973 828 3021 ete.
915 2962 1130 3036 Itaque
1176 2970 1243 3019 ut
1283 2960 1619 3019 Charisium
1663 2970 1728 3018 et
1771 2959 2139 3018 Dositheum
2183 2959 2271 3016 sic
2315 2957 2499 3015 etiam
2530 2957 2785 3014 Diome-

495 3066 637 3122 dem
679 3064 837 3121 hanc
881 3072 1119 3139 partem
1163 3063 1488 3136 Anonymo
1545 3061 1789 3131 debere,
1861 3061 2173 3118 Donatum
2224 3077 2381 3129 eam,
2448 3075 2585 3115 cum
2636 3057 2783 3116 nihil

495 3165 642 3225 noui
697 3166 918 3233 tradat,
987 3164 1263 3222 omisisse
1323 3163 1745 3221 iudicabimus,
1836 3163 2039 3220 Pauca
2100 3162 2267 3237 apud
2312 3159 2652 3219 Charisium
2698 3160 2783 3216 le-

501 3410 714 3459 metatio
768 3407 1128 3465 accidentium,
1181 3405 1439 3471 expositio
1480 3406 1546 3454 de
1603 3405 1833 3454 numeris
1885 3405 2064 3468 figuris
2114 3404 2373 3470 personiS.
2446 3403 2587 3453 Num
2631 3403 2785 3452 unius

499 3498 726 3546 auctoris
767 3496 1055 3547 doctrinam
1094 3501 1299 3546 secutus
1341 3495 1427 3553 sit,
1471 3493 1678 3543 definiri
1718 3509 1871 3558 posse
1909 3508 2066 3556 neg0.

697 3581 718 3618 1
755 3585 942 3650 Itaque
978 3584 1230 3633 Dosithei
1279 3583 1475 3633 auxilio
1525 3582 1635 3632 nixi
1682 3598 1792 3632 non
1836 3581 2007 3631 solum
2044 3581 2280 3630 lacunam
2318 3596 2450 3646 quae
2486 3586 2609 3647 post
2645 3597 2696 3646 p.
2730 3581 2787 3647 9,

504 3669 568 3720 16
603 3670 658 3718 in
695 3671 875 3720 codice
915 3670 1141 3721 Charisii
1191 3672 1526 3722 membranae
1564 3670 1893 3721 mutilatione
1931 3670 2067 3720 facta
2104 3675 2185 3719 est
2224 3669 2447 3734 explere,
2499 3670 2593 3718 sed
2632 3669 2785 3719 etiam

498 3757 704 3806 initium
742 3758 928 3823 capitis
965 3759 1238 3809 restituere
1275 3775 1568 3824 possumus
1626 3759 1793 3825 Apud
1833 3757 2143 3808 Dositheum
2182 3758 2352 3823 primo
2389 3757 2511 3807 loco
2549 3757 2784 3807 definitio

499 3844 731 3904 litterae,
799 3845 1034 3895 secundo
1089 3846 1366 3907 elementi,
1426 3848 1582 3897 tertio
1637 3863 1772 3912 quae
1838 3847 2046 3896 litterae
2106 3845 2351 3895 accidunt
2407 3852 2785 3912 proponuntur.

501 3935 830 3983 Postremum
888 3934 1028 3999 apud
1075 3933 1368 3984 Charisium
1424 3935 1638 4000 quoque'
1685 3935 1945 3984 exstitisse
1991 3949 2073 3983 res
2117 3935 2233 3998 ipsa
2280 3933 2493 3997 flagitat.
2588 3933 2787 3983 Defini-

500 4021 691 4071 tionem
730 4022 936 4071 litterae
957 4021 1252 4072 Charisium
1279 4023 1437 4089 capiti
1461 4022 1765 4088 praefixisse
1786 4039 1895 4072 non
1925 4038 2207 4088 possumus
2244 4037 2353 4071 non
2379 4022 2598 4087 opinari.
2638 4023 2787 4086 Quae

497 4109 670 4175 qualis
707 4109 868 4158 fuerit
904 4110 1060 4159 facile
1099 4110 1501 4161 demonstratur.
1561 4111 1625 4158 In
1669 4110 1854 4159 codice
1892 4109 2243 4174 Neapolitano
2282 4109 2556 4159 litteraea
2592 4110 2785 4174 quibus

501 4198 763 4247 secundus
802 4213 986 4248 uersus
1030 4197 1214 4262 capitis
1264 4197 1452 4262 incipit
1489 4203 1724 4245 seruatae
1766 4204 1913 4248 sunt:
1978 4198 2115 4262 solu,
2162 4213 2294 4263 quae
2348 4197 2503 4246 aliter
2552 4197 2787 4262 suppleri

499 4302 605 4336 non
643 4292 881 4351 possunt,
939 4285 1042 4334 nisi
1093 4285 1139 4334 si
1185 4285 1406 4335 uerbum
1454 4284 1789 4334 ‘resoluitur'
1827 4287 2151 4339 restituimus,
2227 4288 2373 4352 Quae
2411 4287 2454 4336 si
2492 4294 2633 4336 recte
2671 4287 2773 4336 dis-

497 4375 812 4440 putauimuS,
859 4374 1000 4440 apud
1036 4373 1330 4424 Charisium
1369 4373 1554 4423 eadem
1597 4372 1839 4423 elementi
1885 4374 2123 4425 definitio
2171 4375 2381 4433 exstitit,
2431 4391 2585 4441 quam
2623 4376 2779 4424 Dosi-

498 4463 650 4512 theus
688 4465 926 4528 praebet,
967 4478 1092 4525 ergo
1132 4462 1286 4512 etiam
1325 4462 1510 4512 eadem
1549 4461 1756 4511 litterae
1795 4462 2052 4512 definitio·
