3459 5217
1647 474 2002 528 ..32-

677 669 751 708 ex
795 649 994 725 priore
1037 649 1208 707 fonte
1252 649 1659 724 descripserat
1702 650 2024 709 subiunxit.
2114 649 2291 722 Quae
2336 650 2387 708 si
2430 657 2595 709 recte
2627 650 2969 728 disputaui-

677 771 830 827 muS,
871 753 933 808 in
994 751 1184 825 prima
1251 749 1468 826 capitis
1525 751 1819 825 particula
1884 751 2332 810 conscribenda
2366 751 2717 819 ,Diomedes
2783 753 2966 811 alium

679 863 866 928 atque
909 852 1192 910 Donatus
1236 851 1462 910 fontem
1513 852 1810 912 adhibuit.
1918 851 2099 924 Quae
2144 853 2451 910 sententia
2520 853 2650 911 aliis
2718 871 2966 930 quoque

679 955 1054 1029 argumentis
1097 954 1380 1011 firmatur.
1489 952 1783 1011 Definitio
1853 953 2230 1028 pronominis
2298 952 2505 1010 similis
2572 954 2821 1029 quidem
2888 955 2964 1012 ab

678 1065 940 1130 utroque
984 1053 1326 1122 exhibetur,
1374 1054 1487 1110 sed
1519 1054 1873 1128 discrepant
1902 1053 1965 1110 in
1997 1054 2087 1111 eis
2124 1071 2286 1130 quae
2317 1053 2567 1111 omnino
2600 1070 2636 1109 a
2664 1071 2966 1127 gramma-

676 1157 811 1214 ticis
858 1155 1090 1214 Latinis
1135 1155 1198 1212 in
1237 1154 1354 1212 hac
1397 1154 1753 1212 definitione
1797 1155 2107 1212 diuersum
2152 1154 2214 1211 in
2257 1154 2511 1212 modum
2552 1153 2967 1228 exprimuntur

678 1255 780 1330 (cf.
828 1256 1136 1331 Vhligium
1179 1257 1261 1314 ad
1305 1256 1488 1314 Dion.
1541 1255 1686 1315 Thr.
1729 1275 1789 1332 p.
1832 1251 1957 1329 64).
2045 1255 2289 1312 Deinde
2321 1254 2660 1312 Diomedes
2710 1252 2793 1330 (p.
2829 1257 2965 1321 329,

677 1353 744 1436 5)
777 1359 1103 1432 qualitates
1135 1357 1561 1433 pronominum
1594 1365 1715 1414 tres
1748 1374 1888 1415 esse
1918 1357 2085 1435 dicit,
2130 1355 2378 1431 finitam,
2423 1355 2737 1424 infinitam,
2768 1357 2964 1413 minus

678 1477 862 1534 quam
906 1458 1156 1526 finitam,
1225 1458 1510 1516 Donatus
1558 1455 1641 1533 (p.
1691 1460 1830 1526 379,
1878 1459 1974 1517 26.
2018 1456 2123 1531 27)
2189 1451 2479 1533 ‘qualitas
2536 1457 2967 1531 pronominum

676 1559 963 1634 bipertita
1008 1567 1119 1620 est.
1168 1567 1276 1617 aut
1319 1558 1478 1616 enim
1525 1557 1692 1616 finita
1738 1566 1881 1616 sunt
1908 1557 2270 1634 pronomina
2300 1566 2407 1614 aut
2436 1547 2703 1617 infinita'.
2762 1558 2969 1616 Verba

677 1657 762 1735 (u.
791 1648 1091 1737 28)‘sunt
1135 1660 1318 1718 etiam
1361 1659 1724 1735 pronomina
1755 1659 1951 1716 minus
1998 1676 2181 1734 quam
2212 1653 2407 1715 finita'
2456 1659 2537 1716 ad
2582 1658 2778 1733 ipsam
2808 1659 2969 1715 diui-

679 1762 914 1819 sionem
957 1761 1103 1819 nihil
1148 1762 1372 1822 ualent.
1457 1749 1700 1818 ‘Minus
1749 1777 1933 1836 quam
1976 1745 2171 1818 finita'
2221 1759 2307 1817 sic
2351 1777 2461 1834 pro
2494 1759 2699 1833 specie
2738 1758 2969 1818 haben-

681 1872 794 1936 tur,
851 1871 919 1920 ut
967 1880 1126 1938 quae
1173 1857 1515 1920 secunturl.
1620 1861 1680 1920 Si
1739 1861 1915 1936 igitur
1973 1862 2032 1917 in
2088 1861 2297 1936 paucis
2363 1868 2598 1918 tantum
2656 1860 2967 1936 particulis

680 1965 966 2022 Donatus
1011 1981 1150 2021 cum
1195 1964 1504 2022 Diomede
1550 1964 1831 2038 congruit
1874 1963 1939 2019 id
1983 1981 2058 2021 ea
2105 1981 2167 2021 re
2213 1962 2567 2038 explicatur,
2616 1962 2787 2038 quod
2817 1961 2968 2018 Dio-

681 2067 898 2124 medes
941 2066 1287 2124 accidentia
1331 2066 1704 2141 pronominis
1749 2065 2039 2123 tractauit
2080 2083 2205 2122 non
2248 2082 2391 2121 eum
2436 2071 2750 2122 auctorem
2794 2081 2969 2120 secu-

682 2177 776 2226 tus
845 2185 967 2243 quo
1013 2167 1296 2224 Donatus
1339 2185 1482 2224 usus
1528 2175 1642 2238 est,
1710 2174 1774 2224 et
1838 2167 2005 2240 quod
2047 2165 2331 2224 Donatus
2378 2164 2723 2222 describere
2766 2163 2969 2222 omisit

679 2287 837 2345 quae
883 2269 944 2326 in
989 2268 1120 2325 eius
1164 2268 1335 2324 fonte
1381 2268 1462 2324 de
1493 2266 1999 2326 declinationibus
2042 2266 2473 2341 pronominum
2503 2244 2828 2324 exstabant
2858 2259 2966 2342 (de

678 2389 800 2446 qua
836 2388 901 2427 re
945 2368 1100 2428 infra
1145 2369 1561 2445 disputaturus
1613 2361 1796 2445 sum).
1905 2366 1957 2423 E
2000 2366 2319 2425 Diomedis
2385 2367 2589 2424 uerbis
2630 2366 2784 2423 haec
2829 2383 2967 2423 cum

679 2473 932 2530 Donato
980 2471 1398 2530 consentiunt:

760 2574 962 2633 Diom.
1007 2591 1064 2648 p
1111 2574 1252 2639 329,
1300 2569 1836 2631 22-25=D0n.
1879 2588 1939 2645 p.
1988 2573 2129 2648 379,
2176 2571 2484 2642 30-380‚
2533 2571 2715 2639 2-1-5.
2762 2573 2796 2627 6

762 2675 964 2736 Diom.
1009 2694 1066 2751 p.
1115 2675 1256 2744 332,
1301 2674 1458 2748 7sq.
1569 2672 1832 2732 =Don.
1878 2691 1939 2747 p.
1983 2674 2123 2746 380,
2164 2673 2240 2730 32
2269 2687 2354 2745 sq.

759 2783 773 2797 ·
872 2775 1118 2833 Nonum
1170 2773 1401 2831 Donati
1445 2781 1630 2849 caput
1693 2782 1790 2831 est
1830 2773 1936 2832 De
1980 2774 2215 2831 uerbo
2261 2790 2317 2847 p.
2367 2773 2509 2844 381,
2561 2772 2861 2845 14-385,
2910 2773 2965 2831 9.

677 2878 1011 2936 Diomedes
1063 2877 1126 2934 in
1177 2875 1381 2950 primis
1429 2877 1690 2933 duorum
1752 2883 2066 2933 auctorem
2123 2880 2285 2933 artes
2342 2871 2677 2948 exscripsit,
2749 2872 2967 2930 Palae-

676 2980 872 3036 monis
918 2987 981 3035 et
1023 2977 1216 3054 ignoti
1261 2977 1596 3050 cuiusdam,
1665 2976 1762 3033 cui
1817 2994 1977 3051 quae
2021 2994 2079 3052 p.
2130 2976 2458 3035 334—-346
2519 2975 2799 3048 leguntur
2841 2973 2966 3031 fere

679 3081 886 3138 omnia
931 3081 1135 3139 debet.
1225 3079 1498 3136 Alterum
1544 3079 1935 3152 Anonymum
1986 3095 2113 3134 non
2162 3094 2302 3134 esse
2356 3094 2493 3133 eum
2548 3093 2625 3132 ex
2668 3075 2800 3150 ipsa
2842 3075 2965 3132 dis·

677 3181 922 3239 serendi
980 3181 1218 3238 ratione
1274 3188 1334 3238 et
1387 3179 1658 3237 dictione
1711 3180 1989 3255 adparet,
2058 3187 2189 3236 tum
2248 3177 2423 3236 facile
2489 3176 2963 3251 demonstratur,

679 3283 728 3356 si
771 3301 848 3340 ea
891 3299 1051 3357 quae
1099 3299 1234 3338 cum
1278 3280 1528 3338 Donato
1575 3280 1969 3337 consentiunt
2028 3287 2091 3337 et
2137 3297 2293 3355 quae
2348 3279 2430 3336 illi
2490 3280 2678 3336 debet
2738 3295 2966 3352 conpa-

679 3400 900 3441 ramuS.
989 3382 1270 3440 Donatus
1316 3399 1375 3456 p.
1423 3382 1561 3455 381,
1610 3383 1686 3441 26
1745 3389 2035 3456 quattuor
2073 3365 2363 3438 ‘formas’
2419 3381 2759 3450 uerborum,
2828 3396 2967 3454 per-

679 3484 904 3542 fectam
969 3482 1394 3540 meditatiuam
1461 3480 1973 3557 frequentatiuam
2038 3481 2476 3551 inchoatiuam,
2554 3499 2691 3539 esse
2760 3481 2965 3538 docet.

678 3586 862 3662 Apud
907 3584 1274 3641 Diomedem
1317 3585 1672 3659 plerumque
1716 3582 2087 3640 uocabulum
2141 3569 2458 3657 ‘qualitas'
2519 3582 2617 3640 uel
2674 3567 2967 3656 ‘species’

679 3686 1034 3755 adhibetur;
1080 3704 1139 3760 p.
1183 3686 1323 3754 334,
1370 3685 1444 3742 15
1487 3672 1775 3759 ‘qualitas
1818 3685 1915 3741 uel
1958 3669 2256 3759 species'3
2301 3691 2616 3759 praeterea
2653 3667 2968 3758 ‘qualitas'

676 3788 928 3864 legimus
972 3805 1031 3862 p.
1076 3787 1220 3858 334,
1265 3789 1374 3856 11;
1422 3787 1562 3855 342,
1600 3787 1706 3855 293
1755 3787 1896 3857 342,
1928 3787 2033 3854 32;
2081 3788 2218 3855 344,
2256 3789 2363 3844 28:
2402 3769 2699 3859 ‘species'
2741 3803 2799 3858 p.
2825 3784 2964 3856 343,

679 3892 736 3950 2.
769 3891 879 3958 285
927 3890 1066 3963 344,
1101 3891 1198 3949 20.
1235 3889 1342 3958 253
1390 3889 1528 3957 346,
1563 3889 1655 3946 12.
1738 3873 2023 3944 ‘Forma'
2066 3904 2287 3944 uocem
2340 3885 2585 3944 exhibet
2631 3884 2966 3942 Diomedes

677 3992 740 4047 in
782 3992 1065 4048 lemmate.
1109 4007 1168 4063 p.
1209 3990 1348 4061 344,
1397 3990 1476 4047 27
1522 3995 1584 4044 et
1627 4006 1686 4064 p.
1736 3988 1874 4063 346,
1925 3991 1978 4047 1.
2067 3987 2195 4045 Sed
2237 3989 2522 4045 lemmata
2571 3987 2769 4062 ipsum
2815 3984 2964 4041 Dio-

679 4091 925 4149 medem
979 4090 1290 4166 scripsisse
1346 4089 1476 4146 ueri
1529 4089 1717 4147 simile
1762 4107 1890 4146 non
1948 4097 2041 4147 est
2087 4120 2167 4129 —
2212 4106 2335 4164 qua
2404 4089 2482 4146 de
2526 4105 2715 4145 eausa
2758 4087 2861 4144 ubi
2904 4086 2966 4142 in

880 4324 901 4362 1
939 4329 1070 4378 Cum
1108 4328 1205 4376 hac
1230 4325 1486 4376 sententia
1512 4324 1706 4390 optime
1736 4323 1988 4386 congruit,
2017 4321 2159 4386 quod
2198 4321 2353 4370 etiam
2388 4319 2443 4368 in
2470 4319 2633 4369 altera
2660 4289 2967 4368 recensione

678 4418 953 4484 Anonymi
1011 4416 1232 4481 (Charis.
1287 4432 1339 4480 p.
1393 4413 1512 4481 15¹7,
1570 4412 1660 4471 26;
1721 4416 1899 4463 Anon.
1951 4410 2087 4461 Bob.
2135 4427 2186 4475 p.
2226 4408 2348 4474 537,
2386 4407 2441 4474 43
2498 4407 2713 4458 Dosith.
2748 4407 2873 4473 401,
2908 4403 2966 4474 9)

668 4503 680 4521 ‘
703 4506 1008 4573 qualitatem
1047 4497 1364 4569 bipertitam’
1409 4502 1728 4552 inuenimuS.
